steam Id,title,publishers,developers,genre_1,genre_2,genre_3,tag game type,tag style,tag mechanics,tag perspective,date,price,copies sold,revenue,top seller rank,ccu,reviews,followers,average playtime,outstanding wishlist,positive reviews,free game,daily copies sold,daily revenue,daily reviews,daily outstanding wishlist
2484250,ASTRA: Knights of Veda,HYBE IM,FLINT,Action,RPG,Free To Play,"RPG, Action RPG, Multiplayer","Dark Fantasy, Souls-like, Fantasy, Story Rich, Anime","Side Scroller, PvE, PvP, Combat","2D, 2.5D",Jan 02 2024,39.99,0.0,0.0,,0.0,0.0,6672.0,,88353.0,,False,0.0,0.0,0.0,0.0
2484250,ASTRA: Knights of Veda,HYBE IM,FLINT,Action,RPG,Free To Play,"RPG, Action RPG, Multiplayer","Dark Fantasy, Souls-like, Fantasy, Story Rich, Anime","Side Scroller, PvE, PvP, Combat","2D, 2.5D",Jan 03 2024,39.99,0.0,0.0,,0.0,0.0,6678.0,,88432.0,,False,0.0,0.0,0.0,79.0
2484250,ASTRA: Knights of Veda,HYBE IM,FLINT,Action,RPG,Free To Play,"RPG, Action RPG, Multiplayer","Dark Fantasy, Souls-like, Fantasy, Story Rich, Anime","Side Scroller, PvE, PvP, Combat","2D, 2.5D",Jan 04 2024,39.99,0.0,0.0,,0.0,0.0,6682.0,,88485.0,,False,0.0,0.0,0.0,53.0
2484250,ASTRA: Knights of Veda,HYBE IM,FLINT,Action,RPG,Free To Play,"RPG, Action RPG, Multiplayer","Dark Fantasy, Souls-like, Fantasy, Story Rich, Anime","Side Scroller, PvE, PvP, Combat","2D, 2.5D",Jan 05 2024,39.99,0.0,0.0,,0.0,0.0,6687.0,,88545.0,,False,0.0,0.0,0.0,60.0
2484250,ASTRA: Knights of Veda,HYBE IM,FLINT,Action,RPG,Free To Play,"RPG, Action RPG, Multiplayer","Dark Fantasy, Souls-like, Fantasy, Story Rich, Anime","Side Scroller, PvE, PvP, Combat","2D, 2.5D",Jan 06 2024,39.99,0.0,0.0,,0.0,0.0,6688.0,,88562.0,,False,0.0,0.0,0.0,17.0
2484250,ASTRA: Knights of Veda,HYBE IM,FLINT,Action,RPG,Free To Play,"RPG, Action RPG, Multiplayer","Dark Fantasy, Souls-like, Fantasy, Story Rich, Anime","Side Scroller, PvE, PvP, Combat","2D, 2.5D",Jan 07 2024,39.99,0.0,0.0,,0.0,0.0,6690.0,,88591.0,,False,0.0,0.0,0.0,29.0
2484250,ASTRA: Knights of Veda,HYBE IM,FLINT,Action,RPG,Free To Play,"RPG, Action RPG, Multiplayer","Dark Fantasy, Souls-like, Fantasy, Story Rich, Anime","Side Scroller, PvE, PvP, Combat","2D, 2.5D",Jan 08 2024,39.99,0.0,0.0,,0.0,0.0,6692.0,,88611.0,,False,0.0,0.0,0.0,20.0
2484250,ASTRA: Knights of Veda,HYBE IM,FLINT,Action,RPG,Free To Play,"RPG, Action RPG, Multiplayer","Dark Fantasy, Souls-like, Fantasy, Story Rich, Anime","Side Scroller, PvE, PvP, Combat","2D, 2.5D",Jan 09 2024,39.99,0.0,0.0,,0.0,0.0,6694.0,,88635.0,,False,0.0,0.0,0.0,24.0
2484250,ASTRA: Knights of Veda,HYBE IM,FLINT,Action,RPG,Free To Play,"RPG, Action RPG, Multiplayer","Dark Fantasy, Souls-like, Fantasy, Story Rich, Anime","Side Scroller, PvE, PvP, Combat","2D, 2.5D",Jan 10 2024,39.99,0.0,0.0,,0.0,0.0,6695.0,,88661.0,,False,0.0,0.0,0.0,26.0
2484250,ASTRA: Knights of Veda,HYBE IM,FLINT,Action,RPG,Free To Play,"RPG, Action RPG, Multiplayer","Dark Fantasy, Souls-like, Fantasy, Story Rich, Anime","Side Scroller, PvE, PvP, Combat","2D, 2.5D",Jan 11 2024,39.99,0.0,0.0,,0.0,0.0,6697.0,,88678.0,,False,0.0,0.0,0.0,17.0
2484250,ASTRA: Knights of Veda,HYBE IM,FLINT,Action,RPG,Free To Play,"RPG, Action RPG, Multiplayer","Dark Fantasy, Souls-like, Fantasy, Story Rich, Anime","Side Scroller, PvE, PvP, Combat","2D, 2.5D",Jan 12 2024,39.99,0.0,0.0,,0.0,0.0,6698.0,,88691.0,,False,0.0,0.0,0.0,13.0
2484250,ASTRA: Knights of Veda,HYBE IM,FLINT,Action,RPG,Free To Play,"RPG, Action RPG, Multiplayer","Dark Fantasy, Souls-like, Fantasy, Story Rich, Anime","Side Scroller, PvE, PvP, Combat","2D, 2.5D",Jan 13 2024,39.99,0.0,0.0,,0.0,0.0,6701.0,,88734.0,,False,0.0,0.0,0.0,43.0
2484250,ASTRA: Knights of Veda,HYBE IM,FLINT,Action,RPG,Free To Play,"RPG, Action RPG, Multiplayer","Dark Fantasy, Souls-like, Fantasy, Story Rich, Anime","Side Scroller, PvE, PvP, Combat","2D, 2.5D",Jan 14 2024,39.99,0.0,0.0,,0.0,0.0,6706.0,,88797.0,,False,0.0,0.0,0.0,63.0
2484250,ASTRA: Knights of Veda,HYBE IM,FLINT,Action,RPG,Free To Play,"RPG, Action RPG, Multiplayer","Dark Fantasy, Souls-like, Fantasy, Story Rich, Anime","Side Scroller, PvE, PvP, Combat","2D, 2.5D",Jan 15 2024,39.99,0.0,0.0,,0.0,0.0,6711.0,,88863.0,,False,0.0,0.0,0.0,66.0
2484250,ASTRA: Knights of Veda,HYBE IM,FLINT,Action,RPG,Free To Play,"RPG, Action RPG, Multiplayer","Dark Fantasy, Souls-like, Fantasy, Story Rich, Anime","Side Scroller, PvE, PvP, Combat","2D, 2.5D",Jan 16 2024,39.99,0.0,0.0,,0.0,0.0,6717.0,,88949.0,,False,0.0,0.0,0.0,86.0
2484250,ASTRA: Knights of Veda,HYBE IM,FLINT,Action,RPG,Free To Play,"RPG, Action RPG, Multiplayer","Dark Fantasy, Souls-like, Fantasy, Story Rich, Anime","Side Scroller, PvE, PvP, Combat","2D, 2.5D",Jan 17 2024,39.99,0.0,0.0,,0.0,0.0,6725.0,,89052.0,,False,0.0,0.0,0.0,103.0
2484250,ASTRA: Knights of Veda,HYBE IM,FLINT,Action,RPG,Free To Play,"RPG, Action RPG, Multiplayer","Dark Fantasy, Souls-like, Fantasy, Story Rich, Anime","Side Scroller, PvE, PvP, Combat","2D, 2.5D",Jan 18 2024,39.99,0.0,0.0,,0.0,0.0,6730.0,,89118.0,,False,0.0,0.0,0.0,66.0
2484250,ASTRA: Knights of Veda,HYBE IM,FLINT,Action,RPG,Free To Play,"RPG, Action RPG, Multiplayer","Dark Fantasy, Souls-like, Fantasy, Story Rich, Anime","Side Scroller, PvE, PvP, Combat","2D, 2.5D",Jan 19 2024,39.99,0.0,0.0,,0.0,0.0,6733.0,,89161.0,,False,0.0,0.0,0.0,43.0
2484250,ASTRA: Knights of Veda,HYBE IM,FLINT,Action,RPG,Free To Play,"RPG, Action RPG, Multiplayer","Dark Fantasy, Souls-like, Fantasy, Story Rich, Anime","Side Scroller, PvE, PvP, Combat","2D, 2.5D",Jan 20 2024,39.99,0.0,0.0,,0.0,0.0,6741.0,,89258.0,,False,0.0,0.0,0.0,97.0
2484250,ASTRA: Knights of Veda,HYBE IM,FLINT,Action,RPG,Free To Play,"RPG, Action RPG, Multiplayer","Dark Fantasy, Souls-like, Fantasy, Story Rich, Anime","Side Scroller, PvE, PvP, Combat","2D, 2.5D",Jan 21 2024,39.99,0.0,0.0,,0.0,0.0,6747.0,,89340.0,,False,0.0,0.0,0.0,82.0
2484250,ASTRA: Knights of Veda,HYBE IM,FLINT,Action,RPG,Free To Play,"RPG, Action RPG, Multiplayer","Dark Fantasy, Souls-like, Fantasy, Story Rich, Anime","Side Scroller, PvE, PvP, Combat","2D, 2.5D",Jan 22 2024,39.99,0.0,0.0,,0.0,0.0,6751.0,,89396.0,,False,0.0,0.0,0.0,56.0
2484250,ASTRA: Knights of Veda,HYBE IM,FLINT,Action,RPG,Free To Play,"RPG, Action RPG, Multiplayer","Dark Fantasy, Souls-like, Fantasy, Story Rich, Anime","Side Scroller, PvE, PvP, Combat","2D, 2.5D",Jan 23 2024,39.99,0.0,0.0,,0.0,0.0,6754.0,,89439.0,,False,0.0,0.0,0.0,43.0
2484250,ASTRA: Knights of Veda,HYBE IM,FLINT,Action,RPG,Free To Play,"RPG, Action RPG, Multiplayer","Dark Fantasy, Souls-like, Fantasy, Story Rich, Anime","Side Scroller, PvE, PvP, Combat","2D, 2.5D",Jan 24 2024,39.99,0.0,0.0,,0.0,0.0,6756.0,,89459.0,,False,0.0,0.0,0.0,20.0
2484250,ASTRA: Knights of Veda,HYBE IM,FLINT,Action,RPG,Free To Play,"RPG, Action RPG, Multiplayer","Dark Fantasy, Souls-like, Fantasy, Story Rich, Anime","Side Scroller, PvE, PvP, Combat","2D, 2.5D",Jan 25 2024,39.99,0.0,0.0,,0.0,0.0,6757.0,,89472.0,,False,0.0,0.0,0.0,13.0
2484250,ASTRA: Knights of Veda,HYBE IM,FLINT,Action,RPG,Free To Play,"RPG, Action RPG, Multiplayer","Dark Fantasy, Souls-like, Fantasy, Story Rich, Anime","Side Scroller, PvE, PvP, Combat","2D, 2.5D",Jan 26 2024,39.99,0.0,0.0,,0.0,0.0,6759.0,,89495.0,,False,0.0,0.0,0.0,23.0
2484250,ASTRA: Knights of Veda,HYBE IM,FLINT,Action,RPG,Free To Play,"RPG, Action RPG, Multiplayer","Dark Fantasy, Souls-like, Fantasy, Story Rich, Anime","Side Scroller, PvE, PvP, Combat","2D, 2.5D",Jan 27 2024,39.99,0.0,0.0,,0.0,0.0,6761.0,,89522.0,,False,0.0,0.0,0.0,27.0
2484250,ASTRA: Knights of Veda,HYBE IM,FLINT,Action,RPG,Free To Play,"RPG, Action RPG, Multiplayer","Dark Fantasy, Souls-like, Fantasy, Story Rich, Anime","Side Scroller, PvE, PvP, Combat","2D, 2.5D",Jan 28 2024,39.99,0.0,0.0,,0.0,0.0,6763.0,,89558.0,,False,0.0,0.0,0.0,36.0
2484250,ASTRA: Knights of Veda,HYBE IM,FLINT,Action,RPG,Free To Play,"RPG, Action RPG, Multiplayer","Dark Fantasy, Souls-like, Fantasy, Story Rich, Anime","Side Scroller, PvE, PvP, Combat","2D, 2.5D",Jan 29 2024,39.99,0.0,0.0,,0.0,0.0,6765.0,,89578.0,,False,0.0,0.0,0.0,20.0
2484250,ASTRA: Knights of Veda,HYBE IM,FLINT,Action,RPG,Free To Play,"RPG, Action RPG, Multiplayer","Dark Fantasy, Souls-like, Fantasy, Story Rich, Anime","Side Scroller, PvE, PvP, Combat","2D, 2.5D",Jan 30 2024,39.99,0.0,0.0,,0.0,0.0,6768.0,,89621.0,,False,0.0,0.0,0.0,43.0
2484250,ASTRA: Knights of Veda,HYBE IM,FLINT,Action,RPG,Free To Play,"RPG, Action RPG, Multiplayer","Dark Fantasy, Souls-like, Fantasy, Story Rich, Anime","Side Scroller, PvE, PvP, Combat","2D, 2.5D",Jan 31 2024,39.99,0.0,0.0,,0.0,0.0,6770.0,,89654.0,,False,0.0,0.0,0.0,33.0
2484250,ASTRA: Knights of Veda,HYBE IM,FLINT,Action,RPG,Free To Play,"RPG, Action RPG, Multiplayer","Dark Fantasy, Souls-like, Fantasy, Story Rich, Anime","Side Scroller, PvE, PvP, Combat","2D, 2.5D",Feb 01 2024,39.99,0.0,0.0,,0.0,0.0,6772.0,,89671.0,,False,0.0,0.0,0.0,17.0
2484250,ASTRA: Knights of Veda,HYBE IM,FLINT,Action,RPG,Free To Play,"RPG, Action RPG, Multiplayer","Dark Fantasy, Souls-like, Fantasy, Story Rich, Anime","Side Scroller, PvE, PvP, Combat","2D, 2.5D",Feb 02 2024,39.99,0.0,0.0,,0.0,0.0,6775.0,,89714.0,,False,0.0,0.0,0.0,43.0
2484250,ASTRA: Knights of Veda,HYBE IM,FLINT,Action,RPG,Free To Play,"RPG, Action RPG, Multiplayer","Dark Fantasy, Souls-like, Fantasy, Story Rich, Anime","Side Scroller, PvE, PvP, Combat","2D, 2.5D",Feb 03 2024,39.99,0.0,0.0,,0.0,0.0,6779.0,,89767.0,,False,0.0,0.0,0.0,53.0
2484250,ASTRA: Knights of Veda,HYBE IM,FLINT,Action,RPG,Free To Play,"RPG, Action RPG, Multiplayer","Dark Fantasy, Souls-like, Fantasy, Story Rich, Anime","Side Scroller, PvE, PvP, Combat","2D, 2.5D",Feb 04 2024,39.99,0.0,0.0,,0.0,0.0,6783.0,,89820.0,,False,0.0,0.0,0.0,53.0
2484250,ASTRA: Knights of Veda,HYBE IM,FLINT,Action,RPG,Free To Play,"RPG, Action RPG, Multiplayer","Dark Fantasy, Souls-like, Fantasy, Story Rich, Anime","Side Scroller, PvE, PvP, Combat","2D, 2.5D",Feb 05 2024,39.99,0.0,0.0,,0.0,0.0,6787.0,,89873.0,,False,0.0,0.0,0.0,53.0
2484250,ASTRA: Knights of Veda,HYBE IM,FLINT,Action,RPG,Free To Play,"RPG, Action RPG, Multiplayer","Dark Fantasy, Souls-like, Fantasy, Story Rich, Anime","Side Scroller, PvE, PvP, Combat","2D, 2.5D",Feb 06 2024,39.99,0.0,0.0,,0.0,0.0,6789.0,,89896.0,,False,0.0,0.0,0.0,23.0
2484250,ASTRA: Knights of Veda,HYBE IM,FLINT,Action,RPG,Free To Play,"RPG, Action RPG, Multiplayer","Dark Fantasy, Souls-like, Fantasy, Story Rich, Anime","Side Scroller, PvE, PvP, Combat","2D, 2.5D",Feb 07 2024,39.99,0.0,0.0,,0.0,0.0,6790.0,,89909.0,,False,0.0,0.0,0.0,13.0
2484250,ASTRA: Knights of Veda,HYBE IM,FLINT,Action,RPG,Free To Play,"RPG, Action RPG, Multiplayer","Dark Fantasy, Souls-like, Fantasy, Story Rich, Anime","Side Scroller, PvE, PvP, Combat","2D, 2.5D",Feb 08 2024,39.99,0.0,0.0,,0.0,0.0,6791.0,,89922.0,,False,0.0,0.0,0.0,13.0
2484250,ASTRA: Knights of Veda,HYBE IM,FLINT,Action,RPG,Free To Play,"RPG, Action RPG, Multiplayer","Dark Fantasy, Souls-like, Fantasy, Story Rich, Anime","Side Scroller, PvE, PvP, Combat","2D, 2.5D",Feb 09 2024,39.99,0.0,0.0,,0.0,0.0,6793.0,,89954.0,,False,0.0,0.0,0.0,32.0
2484250,ASTRA: Knights of Veda,HYBE IM,FLINT,Action,RPG,Free To Play,"RPG, Action RPG, Multiplayer","Dark Fantasy, Souls-like, Fantasy, Story Rich, Anime","Side Scroller, PvE, PvP, Combat","2D, 2.5D",Feb 10 2024,39.99,0.0,0.0,,0.0,0.0,6794.0,,89965.0,,False,0.0,0.0,0.0,11.0
2484250,ASTRA: Knights of Veda,HYBE IM,FLINT,Action,RPG,Free To Play,"RPG, Action RPG, Multiplayer","Dark Fantasy, Souls-like, Fantasy, Story Rich, Anime","Side Scroller, PvE, PvP, Combat","2D, 2.5D",Feb 11 2024,39.99,0.0,0.0,,0.0,0.0,6796.0,,89995.0,,False,0.0,0.0,0.0,30.0
2484250,ASTRA: Knights of Veda,HYBE IM,FLINT,Action,RPG,Free To Play,"RPG, Action RPG, Multiplayer","Dark Fantasy, Souls-like, Fantasy, Story Rich, Anime","Side Scroller, PvE, PvP, Combat","2D, 2.5D",Feb 12 2024,39.99,0.0,0.0,,0.0,0.0,6799.0,,90035.0,,False,0.0,0.0,0.0,40.0
2484250,ASTRA: Knights of Veda,HYBE IM,FLINT,Action,RPG,Free To Play,"RPG, Action RPG, Multiplayer","Dark Fantasy, Souls-like, Fantasy, Story Rich, Anime","Side Scroller, PvE, PvP, Combat","2D, 2.5D",Feb 13 2024,39.99,0.0,0.0,,0.0,0.0,6802.0,,90075.0,,False,0.0,0.0,0.0,40.0
2484250,ASTRA: Knights of Veda,HYBE IM,FLINT,Action,RPG,Free To Play,"RPG, Action RPG, Multiplayer","Dark Fantasy, Souls-like, Fantasy, Story Rich, Anime","Side Scroller, PvE, PvP, Combat","2D, 2.5D",Feb 14 2024,39.99,0.0,0.0,,0.0,0.0,6806.0,,90124.0,,False,0.0,0.0,0.0,49.0
2484250,ASTRA: Knights of Veda,HYBE IM,FLINT,Action,RPG,Free To Play,"RPG, Action RPG, Multiplayer","Dark Fantasy, Souls-like, Fantasy, Story Rich, Anime","Side Scroller, PvE, PvP, Combat","2D, 2.5D",Feb 15 2024,39.99,0.0,0.0,,0.0,0.0,6811.0,,90187.0,,False,0.0,0.0,0.0,63.0
2484250,ASTRA: Knights of Veda,HYBE IM,FLINT,Action,RPG,Free To Play,"RPG, Action RPG, Multiplayer","Dark Fantasy, Souls-like, Fantasy, Story Rich, Anime","Side Scroller, PvE, PvP, Combat","2D, 2.5D",Feb 16 2024,39.99,0.0,0.0,,0.0,0.0,6812.0,,90204.0,,False,0.0,0.0,0.0,17.0
2484250,ASTRA: Knights of Veda,HYBE IM,FLINT,Action,RPG,Free To Play,"RPG, Action RPG, Multiplayer","Dark Fantasy, Souls-like, Fantasy, Story Rich, Anime","Side Scroller, PvE, PvP, Combat","2D, 2.5D",Feb 17 2024,39.99,0.0,0.0,,0.0,0.0,6814.0,,90223.0,,False,0.0,0.0,0.0,19.0
2484250,ASTRA: Knights of Veda,HYBE IM,FLINT,Action,RPG,Free To Play,"RPG, Action RPG, Multiplayer","Dark Fantasy, Souls-like, Fantasy, Story Rich, Anime","Side Scroller, PvE, PvP, Combat","2D, 2.5D",Feb 18 2024,39.99,0.0,0.0,,0.0,0.0,6817.0,,90270.0,,False,0.0,0.0,0.0,47.0
2484250,ASTRA: Knights of Veda,HYBE IM,FLINT,Action,RPG,Free To Play,"RPG, Action RPG, Multiplayer","Dark Fantasy, Souls-like, Fantasy, Story Rich, Anime","Side Scroller, PvE, PvP, Combat","2D, 2.5D",Feb 19 2024,39.99,0.0,0.0,,0.0,0.0,6821.0,,90324.0,,False,0.0,0.0,0.0,54.0
2484250,ASTRA: Knights of Veda,HYBE IM,FLINT,Action,RPG,Free To Play,"RPG, Action RPG, Multiplayer","Dark Fantasy, Souls-like, Fantasy, Story Rich, Anime","Side Scroller, PvE, PvP, Combat","2D, 2.5D",Feb 20 2024,39.99,0.0,0.0,,0.0,0.0,6823.0,,90346.0,,False,0.0,0.0,0.0,22.0
2484250,ASTRA: Knights of Veda,HYBE IM,FLINT,Action,RPG,Free To Play,"RPG, Action RPG, Multiplayer","Dark Fantasy, Souls-like, Fantasy, Story Rich, Anime","Side Scroller, PvE, PvP, Combat","2D, 2.5D",Feb 21 2024,39.99,0.0,0.0,,0.0,0.0,6822.0,,90339.0,,False,0.0,0.0,0.0,-7.0
2484250,ASTRA: Knights of Veda,HYBE IM,FLINT,Action,RPG,Free To Play,"RPG, Action RPG, Multiplayer","Dark Fantasy, Souls-like, Fantasy, Story Rich, Anime","Side Scroller, PvE, PvP, Combat","2D, 2.5D",Feb 22 2024,39.99,0.0,0.0,,0.0,0.0,6820.0,,90316.0,,False,0.0,0.0,0.0,-23.0
2484250,ASTRA: Knights of Veda,HYBE IM,FLINT,Action,RPG,Free To Play,"RPG, Action RPG, Multiplayer","Dark Fantasy, Souls-like, Fantasy, Story Rich, Anime","Side Scroller, PvE, PvP, Combat","2D, 2.5D",Feb 23 2024,39.99,0.0,0.0,,0.0,0.0,6819.0,,90300.0,,False,0.0,0.0,0.0,-16.0
2484250,ASTRA: Knights of Veda,HYBE IM,FLINT,Action,RPG,Free To Play,"RPG, Action RPG, Multiplayer","Dark Fantasy, Souls-like, Fantasy, Story Rich, Anime","Side Scroller, PvE, PvP, Combat","2D, 2.5D",Feb 24 2024,39.99,0.0,0.0,,0.0,0.0,6820.0,,90316.0,,False,0.0,0.0,0.0,16.0
2484250,ASTRA: Knights of Veda,HYBE IM,FLINT,Action,RPG,Free To Play,"RPG, Action RPG, Multiplayer","Dark Fantasy, Souls-like, Fantasy, Story Rich, Anime","Side Scroller, PvE, PvP, Combat","2D, 2.5D",Feb 25 2024,39.99,0.0,0.0,,0.0,0.0,6822.0,,90333.0,,False,0.0,0.0,0.0,17.0
2484250,ASTRA: Knights of Veda,HYBE IM,FLINT,Action,RPG,Free To Play,"RPG, Action RPG, Multiplayer","Dark Fantasy, Souls-like, Fantasy, Story Rich, Anime","Side Scroller, PvE, PvP, Combat","2D, 2.5D",Feb 26 2024,39.99,0.0,0.0,,0.0,0.0,6821.0,,90326.0,,False,0.0,0.0,0.0,-7.0
2484250,ASTRA: Knights of Veda,HYBE IM,FLINT,Action,RPG,Free To Play,"RPG, Action RPG, Multiplayer","Dark Fantasy, Souls-like, Fantasy, Story Rich, Anime","Side Scroller, PvE, PvP, Combat","2D, 2.5D",Feb 27 2024,39.99,0.0,0.0,,0.0,0.0,6826.0,,90392.0,,False,0.0,0.0,0.0,66.0
2484250,ASTRA: Knights of Veda,HYBE IM,FLINT,Action,RPG,Free To Play,"RPG, Action RPG, Multiplayer","Dark Fantasy, Souls-like, Fantasy, Story Rich, Anime","Side Scroller, PvE, PvP, Combat","2D, 2.5D",Feb 28 2024,39.99,0.0,0.0,,0.0,0.0,6846.0,,90654.0,,False,0.0,0.0,0.0,262.0
2484250,ASTRA: Knights of Veda,HYBE IM,FLINT,Action,RPG,Free To Play,"RPG, Action RPG, Multiplayer","Dark Fantasy, Souls-like, Fantasy, Story Rich, Anime","Side Scroller, PvE, PvP, Combat","2D, 2.5D",Feb 29 2024,39.99,0.0,0.0,,0.0,0.0,6859.0,,90823.0,,False,0.0,0.0,0.0,169.0
2484250,ASTRA: Knights of Veda,HYBE IM,FLINT,Action,RPG,Free To Play,"RPG, Action RPG, Multiplayer","Dark Fantasy, Souls-like, Fantasy, Story Rich, Anime","Side Scroller, PvE, PvP, Combat","2D, 2.5D",Mar 01 2024,39.99,0.0,0.0,,0.0,0.0,6886.0,,91181.0,,False,0.0,0.0,0.0,358.0
2484250,ASTRA: Knights of Veda,HYBE IM,FLINT,Action,RPG,Free To Play,"RPG, Action RPG, Multiplayer","Dark Fantasy, Souls-like, Fantasy, Story Rich, Anime","Side Scroller, PvE, PvP, Combat","2D, 2.5D",Mar 02 2024,39.99,0.0,0.0,,0.0,0.0,6909.0,,91489.0,,False,0.0,0.0,0.0,308.0
2484250,ASTRA: Knights of Veda,HYBE IM,FLINT,Action,RPG,Free To Play,"RPG, Action RPG, Multiplayer","Dark Fantasy, Souls-like, Fantasy, Story Rich, Anime","Side Scroller, PvE, PvP, Combat","2D, 2.5D",Mar 03 2024,39.99,0.0,0.0,,0.0,0.0,6925.0,,91704.0,,False,0.0,0.0,0.0,215.0
2484250,ASTRA: Knights of Veda,HYBE IM,FLINT,Action,RPG,Free To Play,"RPG, Action RPG, Multiplayer","Dark Fantasy, Souls-like, Fantasy, Story Rich, Anime","Side Scroller, PvE, PvP, Combat","2D, 2.5D",Mar 04 2024,39.99,0.0,0.0,,0.0,0.0,6952.0,,92051.0,,False,0.0,0.0,0.0,347.0
2484250,ASTRA: Knights of Veda,HYBE IM,FLINT,Action,RPG,Free To Play,"RPG, Action RPG, Multiplayer","Dark Fantasy, Souls-like, Fantasy, Story Rich, Anime","Side Scroller, PvE, PvP, Combat","2D, 2.5D",Mar 05 2024,39.99,0.0,0.0,,0.0,0.0,7001.0,,92703.0,,False,0.0,0.0,0.0,652.0
2484250,ASTRA: Knights of Veda,HYBE IM,FLINT,Action,RPG,Free To Play,"RPG, Action RPG, Multiplayer","Dark Fantasy, Souls-like, Fantasy, Story Rich, Anime","Side Scroller, PvE, PvP, Combat","2D, 2.5D",Mar 06 2024,39.99,0.0,0.0,,0.0,0.0,7098.0,,93985.0,,False,0.0,0.0,0.0,1282.0
2484250,ASTRA: Knights of Veda,HYBE IM,FLINT,Action,RPG,Free To Play,"RPG, Action RPG, Multiplayer","Dark Fantasy, Souls-like, Fantasy, Story Rich, Anime","Side Scroller, PvE, PvP, Combat","2D, 2.5D",Mar 07 2024,39.99,0.0,0.0,,0.0,0.0,7196.0,,95291.0,,False,0.0,0.0,0.0,1306.0
2484250,ASTRA: Knights of Veda,HYBE IM,FLINT,Action,RPG,Free To Play,"RPG, Action RPG, Multiplayer","Dark Fantasy, Souls-like, Fantasy, Story Rich, Anime","Side Scroller, PvE, PvP, Combat","2D, 2.5D",Mar 08 2024,39.99,0.0,0.0,,0.0,0.0,7249.0,,95984.0,,False,0.0,0.0,0.0,693.0
2484250,ASTRA: Knights of Veda,HYBE IM,FLINT,Action,RPG,Free To Play,"RPG, Action RPG, Multiplayer","Dark Fantasy, Souls-like, Fantasy, Story Rich, Anime","Side Scroller, PvE, PvP, Combat","2D, 2.5D",Mar 09 2024,39.99,0.0,0.0,,0.0,0.0,7287.0,,96497.0,,False,0.0,0.0,0.0,513.0
2484250,ASTRA: Knights of Veda,HYBE IM,FLINT,Action,RPG,Free To Play,"RPG, Action RPG, Multiplayer","Dark Fantasy, Souls-like, Fantasy, Story Rich, Anime","Side Scroller, PvE, PvP, Combat","2D, 2.5D",Mar 10 2024,39.99,0.0,0.0,,0.0,0.0,7329.0,,97054.0,,False,0.0,0.0,0.0,557.0
2484250,ASTRA: Knights of Veda,HYBE IM,FLINT,Action,RPG,Free To Play,"RPG, Action RPG, Multiplayer","Dark Fantasy, Souls-like, Fantasy, Story Rich, Anime","Side Scroller, PvE, PvP, Combat","2D, 2.5D",Mar 11 2024,39.99,0.0,0.0,,0.0,0.0,7371.0,,97601.0,,False,0.0,0.0,0.0,547.0
2484250,ASTRA: Knights of Veda,HYBE IM,FLINT,Action,RPG,Free To Play,"RPG, Action RPG, Multiplayer","Dark Fantasy, Souls-like, Fantasy, Story Rich, Anime","Side Scroller, PvE, PvP, Combat","2D, 2.5D",Mar 12 2024,39.99,0.0,0.0,,0.0,0.0,7398.0,,97964.0,,False,0.0,0.0,0.0,363.0
2484250,ASTRA: Knights of Veda,HYBE IM,FLINT,Action,RPG,Free To Play,"RPG, Action RPG, Multiplayer","Dark Fantasy, Souls-like, Fantasy, Story Rich, Anime","Side Scroller, PvE, PvP, Combat","2D, 2.5D",Mar 13 2024,39.99,0.0,0.0,,0.0,0.0,7431.0,,98398.0,,False,0.0,0.0,0.0,434.0
2484250,ASTRA: Knights of Veda,HYBE IM,FLINT,Action,RPG,Free To Play,"RPG, Action RPG, Multiplayer","Dark Fantasy, Souls-like, Fantasy, Story Rich, Anime","Side Scroller, PvE, PvP, Combat","2D, 2.5D",Mar 14 2024,39.99,0.0,0.0,,0.0,0.0,7465.0,,98851.0,,False,0.0,0.0,0.0,453.0
2484250,ASTRA: Knights of Veda,HYBE IM,FLINT,Action,RPG,Free To Play,"RPG, Action RPG, Multiplayer","Dark Fantasy, Souls-like, Fantasy, Story Rich, Anime","Side Scroller, PvE, PvP, Combat","2D, 2.5D",Mar 15 2024,39.99,0.0,0.0,,0.0,0.0,7500.0,,99312.0,,False,0.0,0.0,0.0,461.0
2484250,ASTRA: Knights of Veda,HYBE IM,FLINT,Action,RPG,Free To Play,"RPG, Action RPG, Multiplayer","Dark Fantasy, Souls-like, Fantasy, Story Rich, Anime","Side Scroller, PvE, PvP, Combat","2D, 2.5D",Mar 16 2024,39.99,0.0,0.0,,0.0,0.0,7529.0,,99701.0,,False,0.0,0.0,0.0,389.0
2484250,ASTRA: Knights of Veda,HYBE IM,FLINT,Action,RPG,Free To Play,"RPG, Action RPG, Multiplayer","Dark Fantasy, Souls-like, Fantasy, Story Rich, Anime","Side Scroller, PvE, PvP, Combat","2D, 2.5D",Mar 17 2024,39.99,0.0,0.0,,0.0,0.0,7568.0,,100219.0,,False,0.0,0.0,0.0,518.0
2484250,ASTRA: Knights of Veda,HYBE IM,FLINT,Action,RPG,Free To Play,"RPG, Action RPG, Multiplayer","Dark Fantasy, Souls-like, Fantasy, Story Rich, Anime","Side Scroller, PvE, PvP, Combat","2D, 2.5D",Mar 18 2024,39.99,0.0,0.0,,0.0,0.0,7613.0,,100805.0,,False,0.0,0.0,0.0,586.0
2484250,ASTRA: Knights of Veda,HYBE IM,FLINT,Action,RPG,Free To Play,"RPG, Action RPG, Multiplayer","Dark Fantasy, Souls-like, Fantasy, Story Rich, Anime","Side Scroller, PvE, PvP, Combat","2D, 2.5D",Mar 19 2024,39.99,0.0,0.0,,0.0,0.0,7647.0,,101265.0,,False,0.0,0.0,0.0,460.0
2484250,ASTRA: Knights of Veda,HYBE IM,FLINT,Action,RPG,Free To Play,"RPG, Action RPG, Multiplayer","Dark Fantasy, Souls-like, Fantasy, Story Rich, Anime","Side Scroller, PvE, PvP, Combat","2D, 2.5D",Mar 20 2024,39.99,0.0,0.0,,0.0,0.0,7691.0,,101849.0,,False,0.0,0.0,0.0,584.0
2484250,ASTRA: Knights of Veda,HYBE IM,FLINT,Action,RPG,Free To Play,"RPG, Action RPG, Multiplayer","Dark Fantasy, Souls-like, Fantasy, Story Rich, Anime","Side Scroller, PvE, PvP, Combat","2D, 2.5D",Mar 21 2024,39.99,0.0,0.0,,0.0,0.0,7729.0,,102345.0,,False,0.0,0.0,0.0,496.0
2484250,ASTRA: Knights of Veda,HYBE IM,FLINT,Action,RPG,Free To Play,"RPG, Action RPG, Multiplayer","Dark Fantasy, Souls-like, Fantasy, Story Rich, Anime","Side Scroller, PvE, PvP, Combat","2D, 2.5D",Mar 22 2024,39.99,0.0,0.0,,0.0,0.0,7769.0,,102881.0,,False,0.0,0.0,0.0,536.0
2484250,ASTRA: Knights of Veda,HYBE IM,FLINT,Action,RPG,Free To Play,"RPG, Action RPG, Multiplayer","Dark Fantasy, Souls-like, Fantasy, Story Rich, Anime","Side Scroller, PvE, PvP, Combat","2D, 2.5D",Mar 23 2024,39.99,0.0,0.0,,0.0,0.0,7809.0,,103404.0,,False,0.0,0.0,0.0,523.0
2484250,ASTRA: Knights of Veda,HYBE IM,FLINT,Action,RPG,Free To Play,"RPG, Action RPG, Multiplayer","Dark Fantasy, Souls-like, Fantasy, Story Rich, Anime","Side Scroller, PvE, PvP, Combat","2D, 2.5D",Mar 24 2024,39.99,0.0,0.0,,0.0,0.0,7861.0,,104093.0,,False,0.0,0.0,0.0,689.0
2484250,ASTRA: Knights of Veda,HYBE IM,FLINT,Action,RPG,Free To Play,"RPG, Action RPG, Multiplayer","Dark Fantasy, Souls-like, Fantasy, Story Rich, Anime","Side Scroller, PvE, PvP, Combat","2D, 2.5D",Mar 25 2024,39.99,0.0,0.0,,0.0,0.0,7912.0,,104768.0,,False,0.0,0.0,0.0,675.0
2484250,ASTRA: Knights of Veda,HYBE IM,FLINT,Action,RPG,Free To Play,"RPG, Action RPG, Multiplayer","Dark Fantasy, Souls-like, Fantasy, Story Rich, Anime","Side Scroller, PvE, PvP, Combat","2D, 2.5D",Mar 26 2024,39.99,0.0,0.0,,0.0,0.0,7967.0,,105494.0,,False,0.0,0.0,0.0,726.0
2484250,ASTRA: Knights of Veda,HYBE IM,FLINT,Action,RPG,Free To Play,"RPG, Action RPG, Multiplayer","Dark Fantasy, Souls-like, Fantasy, Story Rich, Anime","Side Scroller, PvE, PvP, Combat","2D, 2.5D",Mar 27 2024,39.99,0.0,0.0,,0.0,0.0,8007.0,,106034.0,,False,0.0,0.0,0.0,540.0
2484250,ASTRA: Knights of Veda,HYBE IM,FLINT,Action,RPG,Free To Play,"RPG, Action RPG, Multiplayer","Dark Fantasy, Souls-like, Fantasy, Story Rich, Anime","Side Scroller, PvE, PvP, Combat","2D, 2.5D",Mar 28 2024,39.99,0.0,0.0,,0.0,0.0,8090.0,,107125.0,,False,0.0,0.0,0.0,1091.0
2484250,ASTRA: Knights of Veda,HYBE IM,FLINT,Action,RPG,Free To Play,"RPG, Action RPG, Multiplayer","Dark Fantasy, Souls-like, Fantasy, Story Rich, Anime","Side Scroller, PvE, PvP, Combat","2D, 2.5D",Mar 29 2024,39.99,0.0,0.0,,0.0,0.0,8194.0,,108508.0,,False,0.0,0.0,0.0,1383.0
2484250,ASTRA: Knights of Veda,HYBE IM,FLINT,Action,RPG,Free To Play,"RPG, Action RPG, Multiplayer","Dark Fantasy, Souls-like, Fantasy, Story Rich, Anime","Side Scroller, PvE, PvP, Combat","2D, 2.5D",Mar 30 2024,39.99,0.0,0.0,,0.0,0.0,8499.0,,112540.0,,False,0.0,0.0,0.0,4032.0
2484250,ASTRA: Knights of Veda,HYBE IM,FLINT,Action,RPG,Free To Play,"RPG, Action RPG, Multiplayer","Dark Fantasy, Souls-like, Fantasy, Story Rich, Anime","Side Scroller, PvE, PvP, Combat","2D, 2.5D",Mar 31 2024,39.99,0.0,0.0,,0.0,0.0,8841.0,,117066.0,,False,0.0,0.0,0.0,4526.0
2484250,ASTRA: Knights of Veda,HYBE IM,FLINT,Action,RPG,Free To Play,"RPG, Action RPG, Multiplayer","Dark Fantasy, Souls-like, Fantasy, Story Rich, Anime","Side Scroller, PvE, PvP, Combat","2D, 2.5D",Apr 01 2024,39.99,0.0,0.0,,0.0,0.0,9269.0,,122740.0,,False,0.0,0.0,0.0,5674.0
2484250,ASTRA: Knights of Veda,HYBE IM,FLINT,Action,RPG,Free To Play,"RPG, Action RPG, Multiplayer","Dark Fantasy, Souls-like, Fantasy, Story Rich, Anime","Side Scroller, PvE, PvP, Combat","2D, 2.5D",Apr 02 2024,39.99,5937.0,59801.0,,4981.0,152.0,9807.0,,116296.0,,False,5937.0,59801.0,152.0,-6444.0
2484250,ASTRA: Knights of Veda,HYBE IM,FLINT,Action,RPG,Free To Play,"RPG, Action RPG, Multiplayer","Dark Fantasy, Souls-like, Fantasy, Story Rich, Anime","Side Scroller, PvE, PvP, Combat","2D, 2.5D",Apr 03 2024,39.99,34044.0,143741.0,43.0,5182.0,872.0,9889.0,16.0,114884.0,30.0,False,28107.0,83940.0,720.0,-1412.0
2484250,ASTRA: Knights of Veda,HYBE IM,FLINT,Action,RPG,Free To Play,"RPG, Action RPG, Multiplayer","Dark Fantasy, Souls-like, Fantasy, Story Rich, Anime","Side Scroller, PvE, PvP, Combat","2D, 2.5D",Apr 04 2024,39.99,54891.0,228309.0,43.0,4638.0,1406.0,9928.0,11.0,114225.0,34.0,False,20847.0,84568.0,534.0,-659.0
2484250,ASTRA: Knights of Veda,HYBE IM,FLINT,Action,RPG,Free To Play,"RPG, Action RPG, Multiplayer","Dark Fantasy, Souls-like, Fantasy, Story Rich, Anime","Side Scroller, PvE, PvP, Combat","2D, 2.5D",Apr 05 2024,39.99,65923.0,306750.0,45.0,4482.0,1689.0,10019.0,12.0,112662.0,37.0,False,11032.0,78441.0,283.0,-1563.0
2484250,ASTRA: Knights of Veda,HYBE IM,FLINT,Action,RPG,Free To Play,"RPG, Action RPG, Multiplayer","Dark Fantasy, Souls-like, Fantasy, Story Rich, Anime","Side Scroller, PvE, PvP, Combat","2D, 2.5D",Apr 06 2024,39.99,75111.0,372910.0,52.0,5014.0,1924.0,10084.0,13.0,111531.0,40.0,False,9188.0,66160.0,235.0,-1131.0
2484250,ASTRA: Knights of Veda,HYBE IM,FLINT,Action,RPG,Free To Play,"RPG, Action RPG, Multiplayer","Dark Fantasy, Souls-like, Fantasy, Story Rich, Anime","Side Scroller, PvE, PvP, Combat","2D, 2.5D",Apr 07 2024,39.99,82941.0,451463.0,46.0,5038.0,2125.0,10191.0,14.0,109695.0,42.0,False,7830.0,78553.0,201.0,-1836.0
2484250,ASTRA: Knights of Veda,HYBE IM,FLINT,Action,RPG,Free To Play,"RPG, Action RPG, Multiplayer","Dark Fantasy, Souls-like, Fantasy, Story Rich, Anime","Side Scroller, PvE, PvP, Combat","2D, 2.5D",Apr 08 2024,39.99,89272.0,526548.0,46.0,4751.0,2287.0,10317.0,16.0,107535.0,43.0,False,6331.0,75085.0,162.0,-2160.0
2484250,ASTRA: Knights of Veda,HYBE IM,FLINT,Action,RPG,Free To Play,"RPG, Action RPG, Multiplayer","Dark Fantasy, Souls-like, Fantasy, Story Rich, Anime","Side Scroller, PvE, PvP, Combat","2D, 2.5D",Apr 09 2024,39.99,93973.0,588895.0,65.0,4346.0,2408.0,10402.0,17.0,106082.0,44.0,False,4701.0,62347.0,121.0,-1453.0
2484250,ASTRA: Knights of Veda,HYBE IM,FLINT,Action,RPG,Free To Play,"RPG, Action RPG, Multiplayer","Dark Fantasy, Souls-like, Fantasy, Story Rich, Anime","Side Scroller, PvE, PvP, Combat","2D, 2.5D",Apr 10 2024,39.99,97825.0,650081.0,64.0,4115.0,2506.0,10470.0,18.0,104904.0,44.0,False,3852.0,61186.0,98.0,-1178.0
2484250,ASTRA: Knights of Veda,HYBE IM,FLINT,Action,RPG,Free To Play,"RPG, Action RPG, Multiplayer","Dark Fantasy, Souls-like, Fantasy, Story Rich, Anime","Side Scroller, PvE, PvP, Combat","2D, 2.5D",Apr 11 2024,39.99,101035.0,711469.0,62.0,3536.0,2589.0,10532.0,19.0,103850.0,45.0,False,3210.0,61388.0,83.0,-1054.0
2484250,ASTRA: Knights of Veda,HYBE IM,FLINT,Action,RPG,Free To Play,"RPG, Action RPG, Multiplayer","Dark Fantasy, Souls-like, Fantasy, Story Rich, Anime","Side Scroller, PvE, PvP, Combat","2D, 2.5D",Apr 12 2024,39.99,104241.0,769431.0,82.0,3837.0,2671.0,10600.0,20.0,102674.0,45.0,False,3206.0,57962.0,82.0,-1176.0
2484250,ASTRA: Knights of Veda,HYBE IM,FLINT,Action,RPG,Free To Play,"RPG, Action RPG, Multiplayer","Dark Fantasy, Souls-like, Fantasy, Story Rich, Anime","Side Scroller, PvE, PvP, Combat","2D, 2.5D",Apr 13 2024,39.99,106716.0,823244.0,96.0,4056.0,2734.0,10660.0,21.0,101637.0,46.0,False,2475.0,53813.0,63.0,-1037.0
2484250,ASTRA: Knights of Veda,HYBE IM,FLINT,Action,RPG,Free To Play,"RPG, Action RPG, Multiplayer","Dark Fantasy, Souls-like, Fantasy, Story Rich, Anime","Side Scroller, PvE, PvP, Combat","2D, 2.5D",Apr 14 2024,39.99,109624.0,874235.0,112.0,3848.0,2809.0,10726.0,22.0,100515.0,46.0,False,2908.0,50991.0,75.0,-1122.0
2484250,ASTRA: Knights of Veda,HYBE IM,FLINT,Action,RPG,Free To Play,"RPG, Action RPG, Multiplayer","Dark Fantasy, Souls-like, Fantasy, Story Rich, Anime","Side Scroller, PvE, PvP, Combat","2D, 2.5D",Apr 15 2024,39.99,111900.0,924025.0,114.0,3354.0,2867.0,10779.0,22.0,99603.0,46.0,False,2276.0,49790.0,58.0,-912.0
2484250,ASTRA: Knights of Veda,HYBE IM,FLINT,Action,RPG,Free To Play,"RPG, Action RPG, Multiplayer","Dark Fantasy, Souls-like, Fantasy, Story Rich, Anime","Side Scroller, PvE, PvP, Combat","2D, 2.5D",Apr 16 2024,39.99,113723.0,964349.0,168.0,3046.0,2914.0,10821.0,23.0,98884.0,46.0,False,1823.0,40324.0,47.0,-719.0
2484250,ASTRA: Knights of Veda,HYBE IM,FLINT,Action,RPG,Free To Play,"RPG, Action RPG, Multiplayer","Dark Fantasy, Souls-like, Fantasy, Story Rich, Anime","Side Scroller, PvE, PvP, Combat","2D, 2.5D",Apr 17 2024,39.99,115427.0,997483.0,195.0,2751.0,2957.0,10851.0,24.0,98357.0,46.0,False,1704.0,33134.0,43.0,-527.0
2484250,ASTRA: Knights of Veda,HYBE IM,FLINT,Action,RPG,Free To Play,"RPG, Action RPG, Multiplayer","Dark Fantasy, Souls-like, Fantasy, Story Rich, Anime","Side Scroller, PvE, PvP, Combat","2D, 2.5D",Apr 18 2024,39.99,118780.0,1025579.0,221.0,3464.0,3043.0,10883.0,24.0,97812.0,44.0,False,3353.0,28096.0,86.0,-545.0
2484250,ASTRA: Knights of Veda,HYBE IM,FLINT,Action,RPG,Free To Play,"RPG, Action RPG, Multiplayer","Dark Fantasy, Souls-like, Fantasy, Story Rich, Anime","Side Scroller, PvE, PvP, Combat","2D, 2.5D",Apr 19 2024,39.99,122033.0,1069665.0,147.0,3637.0,3127.0,10929.0,25.0,97022.0,44.0,False,3253.0,44086.0,84.0,-790.0
2484250,ASTRA: Knights of Veda,HYBE IM,FLINT,Action,RPG,Free To Play,"RPG, Action RPG, Multiplayer","Dark Fantasy, Souls-like, Fantasy, Story Rich, Anime","Side Scroller, PvE, PvP, Combat","2D, 2.5D",Apr 20 2024,39.99,124486.0,1110972.0,164.0,3581.0,3189.0,10967.0,25.0,96369.0,43.0,False,2453.0,41307.0,62.0,-653.0
2484250,ASTRA: Knights of Veda,HYBE IM,FLINT,Action,RPG,Free To Play,"RPG, Action RPG, Multiplayer","Dark Fantasy, Souls-like, Fantasy, Story Rich, Anime","Side Scroller, PvE, PvP, Combat","2D, 2.5D",Apr 21 2024,39.99,126081.0,1148423.0,182.0,3314.0,3230.0,10996.0,26.0,95872.0,43.0,False,1595.0,37451.0,41.0,-497.0
2484250,ASTRA: Knights of Veda,HYBE IM,FLINT,Action,RPG,Free To Play,"RPG, Action RPG, Multiplayer","Dark Fantasy, Souls-like, Fantasy, Story Rich, Anime","Side Scroller, PvE, PvP, Combat","2D, 2.5D",Apr 22 2024,39.99,127627.0,1181511.0,194.0,2797.0,3270.0,11027.0,27.0,95344.0,43.0,False,1546.0,33088.0,40.0,-528.0
2484250,ASTRA: Knights of Veda,HYBE IM,FLINT,Action,RPG,Free To Play,"RPG, Action RPG, Multiplayer","Dark Fantasy, Souls-like, Fantasy, Story Rich, Anime","Side Scroller, PvE, PvP, Combat","2D, 2.5D",Apr 23 2024,39.99,129128.0,1213372.0,200.0,2552.0,3308.0,11051.0,27.0,94920.0,42.0,False,1501.0,31861.0,38.0,-424.0
2484250,ASTRA: Knights of Veda,HYBE IM,FLINT,Action,RPG,Free To Play,"RPG, Action RPG, Multiplayer","Dark Fantasy, Souls-like, Fantasy, Story Rich, Anime","Side Scroller, PvE, PvP, Combat","2D, 2.5D",Apr 24 2024,39.99,130220.0,1240319.0,227.0,2334.0,3336.0,11076.0,28.0,94505.0,42.0,False,1092.0,26947.0,28.0,-415.0
2484250,ASTRA: Knights of Veda,HYBE IM,FLINT,Action,RPG,Free To Play,"RPG, Action RPG, Multiplayer","Dark Fantasy, Souls-like, Fantasy, Story Rich, Anime","Side Scroller, PvE, PvP, Combat","2D, 2.5D",Apr 25 2024,39.99,130974.0,1272603.0,200.0,2486.0,3356.0,11093.0,28.0,94205.0,42.0,False,754.0,32284.0,20.0,-300.0
2484250,ASTRA: Knights of Veda,HYBE IM,FLINT,Action,RPG,Free To Play,"RPG, Action RPG, Multiplayer","Dark Fantasy, Souls-like, Fantasy, Story Rich, Anime","Side Scroller, PvE, PvP, Combat","2D, 2.5D",Apr 26 2024,39.99,132202.0,1293614.0,282.0,2373.0,3387.0,11114.0,29.0,93836.0,42.0,False,1228.0,21011.0,31.0,-369.0
2484250,ASTRA: Knights of Veda,HYBE IM,FLINT,Action,RPG,Free To Play,"RPG, Action RPG, Multiplayer","Dark Fantasy, Souls-like, Fantasy, Story Rich, Anime","Side Scroller, PvE, PvP, Combat","2D, 2.5D",Apr 27 2024,39.99,132947.0,1310707.0,325.0,2415.0,3406.0,11125.0,29.0,93660.0,42.0,False,745.0,17093.0,19.0,-176.0
2484250,ASTRA: Knights of Veda,HYBE IM,FLINT,Action,RPG,Free To Play,"RPG, Action RPG, Multiplayer","Dark Fantasy, Souls-like, Fantasy, Story Rich, Anime","Side Scroller, PvE, PvP, Combat","2D, 2.5D",Apr 28 2024,39.99,133503.0,1327873.0,322.0,2426.0,3420.0,11139.0,30.0,93413.0,42.0,False,556.0,17166.0,14.0,-247.0
2484250,ASTRA: Knights of Veda,HYBE IM,FLINT,Action,RPG,Free To Play,"RPG, Action RPG, Multiplayer","Dark Fantasy, Souls-like, Fantasy, Story Rich, Anime","Side Scroller, PvE, PvP, Combat","2D, 2.5D",Apr 29 2024,39.99,134010.0,1342445.0,357.0,2204.0,3433.0,11155.0,31.0,93142.0,42.0,False,507.0,14572.0,13.0,-271.0
2484250,ASTRA: Knights of Veda,HYBE IM,FLINT,Action,RPG,Free To Play,"RPG, Action RPG, Multiplayer","Dark Fantasy, Souls-like, Fantasy, Story Rich, Anime","Side Scroller, PvE, PvP, Combat","2D, 2.5D",Apr 30 2024,39.99,134777.0,1358593.0,338.0,2177.0,3453.0,11166.0,31.0,92949.0,42.0,False,767.0,16148.0,20.0,-193.0
2484250,ASTRA: Knights of Veda,HYBE IM,FLINT,Action,RPG,Free To Play,"RPG, Action RPG, Multiplayer","Dark Fantasy, Souls-like, Fantasy, Story Rich, Anime","Side Scroller, PvE, PvP, Combat","2D, 2.5D",May 01 2024,39.99,135556.0,1378499.0,277.0,2185.0,3473.0,11184.0,32.0,92640.0,43.0,False,779.0,19906.0,20.0,-309.0
2484250,ASTRA: Knights of Veda,HYBE IM,FLINT,Action,RPG,Free To Play,"RPG, Action RPG, Multiplayer","Dark Fantasy, Souls-like, Fantasy, Story Rich, Anime","Side Scroller, PvE, PvP, Combat","2D, 2.5D",May 02 2024,39.99,136084.0,1432119.0,100.0,2250.0,3487.0,11208.0,32.0,92229.0,42.0,False,528.0,53620.0,14.0,-411.0
2484250,ASTRA: Knights of Veda,HYBE IM,FLINT,Action,RPG,Free To Play,"RPG, Action RPG, Multiplayer","Dark Fantasy, Souls-like, Fantasy, Story Rich, Anime","Side Scroller, PvE, PvP, Combat","2D, 2.5D",May 03 2024,39.99,136927.0,1487486.0,88.0,2255.0,3508.0,11231.0,33.0,91828.0,46.0,False,843.0,55367.0,21.0,-401.0
2484250,ASTRA: Knights of Veda,HYBE IM,FLINT,Action,RPG,Free To Play,"RPG, Action RPG, Multiplayer","Dark Fantasy, Souls-like, Fantasy, Story Rich, Anime","Side Scroller, PvE, PvP, Combat","2D, 2.5D",May 04 2024,39.99,137490.0,1530025.0,157.0,2337.0,3523.0,11252.0,33.0,91473.0,48.0,False,563.0,42539.0,15.0,-355.0
2484250,ASTRA: Knights of Veda,HYBE IM,FLINT,Action,RPG,Free To Play,"RPG, Action RPG, Multiplayer","Dark Fantasy, Souls-like, Fantasy, Story Rich, Anime","Side Scroller, PvE, PvP, Combat","2D, 2.5D",May 05 2024,39.99,138092.0,1560804.0,210.0,2232.0,3538.0,11273.0,34.0,91111.0,47.0,False,602.0,30779.0,15.0,-362.0
2484250,ASTRA: Knights of Veda,HYBE IM,FLINT,Action,RPG,Free To Play,"RPG, Action RPG, Multiplayer","Dark Fantasy, Souls-like, Fantasy, Story Rich, Anime","Side Scroller, PvE, PvP, Combat","2D, 2.5D",May 06 2024,39.99,138709.0,1585790.0,233.0,1915.0,3554.0,11290.0,34.0,90824.0,47.0,False,617.0,24986.0,16.0,-287.0
2484250,ASTRA: Knights of Veda,HYBE IM,FLINT,Action,RPG,Free To Play,"RPG, Action RPG, Multiplayer","Dark Fantasy, Souls-like, Fantasy, Story Rich, Anime","Side Scroller, PvE, PvP, Combat","2D, 2.5D",May 07 2024,39.99,139301.0,1609745.0,239.0,1709.0,3569.0,11309.0,34.0,90494.0,45.0,False,592.0,23955.0,15.0,-330.0
2484250,ASTRA: Knights of Veda,HYBE IM,FLINT,Action,RPG,Free To Play,"RPG, Action RPG, Multiplayer","Dark Fantasy, Souls-like, Fantasy, Story Rich, Anime","Side Scroller, PvE, PvP, Combat","2D, 2.5D",May 08 2024,39.99,139918.0,1631850.0,250.0,1544.0,3585.0,11327.0,35.0,90192.0,43.0,False,617.0,22105.0,16.0,-302.0
2484250,ASTRA: Knights of Veda,HYBE IM,FLINT,Action,RPG,Free To Play,"RPG, Action RPG, Multiplayer","Dark Fantasy, Souls-like, Fantasy, Story Rich, Anime","Side Scroller, PvE, PvP, Combat","2D, 2.5D",May 09 2024,39.99,140550.0,1650912.0,297.0,1588.0,3601.0,11337.0,35.0,90022.0,42.0,False,632.0,19062.0,16.0,-170.0
2484250,ASTRA: Knights of Veda,HYBE IM,FLINT,Action,RPG,Free To Play,"RPG, Action RPG, Multiplayer","Dark Fantasy, Souls-like, Fantasy, Story Rich, Anime","Side Scroller, PvE, PvP, Combat","2D, 2.5D",May 10 2024,39.99,140949.0,1669559.0,296.0,1538.0,3611.0,11350.0,35.0,89790.0,41.0,False,399.0,18647.0,10.0,-232.0
2484250,ASTRA: Knights of Veda,HYBE IM,FLINT,Action,RPG,Free To Play,"RPG, Action RPG, Multiplayer","Dark Fantasy, Souls-like, Fantasy, Story Rich, Anime","Side Scroller, PvE, PvP, Combat","2D, 2.5D",May 11 2024,39.99,141392.0,1684270.0,358.0,1547.0,3623.0,11366.0,36.0,89519.0,40.0,False,443.0,14711.0,12.0,-271.0
2484250,ASTRA: Knights of Veda,HYBE IM,FLINT,Action,RPG,Free To Play,"RPG, Action RPG, Multiplayer","Dark Fantasy, Souls-like, Fantasy, Story Rich, Anime","Side Scroller, PvE, PvP, Combat","2D, 2.5D",May 12 2024,39.99,141923.0,1696882.0,392.0,1475.0,3636.0,11376.0,36.0,89340.0,39.0,False,531.0,12612.0,13.0,-179.0
2484250,ASTRA: Knights of Veda,HYBE IM,FLINT,Action,RPG,Free To Play,"RPG, Action RPG, Multiplayer","Dark Fantasy, Souls-like, Fantasy, Story Rich, Anime","Side Scroller, PvE, PvP, Combat","2D, 2.5D",May 13 2024,39.99,142469.0,1708960.0,400.0,1270.0,3650.0,11382.0,36.0,89241.0,38.0,False,546.0,12078.0,14.0,-99.0
2484250,ASTRA: Knights of Veda,HYBE IM,FLINT,Action,RPG,Free To Play,"RPG, Action RPG, Multiplayer","Dark Fantasy, Souls-like, Fantasy, Story Rich, Anime","Side Scroller, PvE, PvP, Combat","2D, 2.5D",May 14 2024,39.99,142984.0,1721834.0,387.0,1125.0,3663.0,11391.0,36.0,89086.0,37.0,False,515.0,12874.0,13.0,-155.0
2484250,ASTRA: Knights of Veda,HYBE IM,FLINT,Action,RPG,Free To Play,"RPG, Action RPG, Multiplayer","Dark Fantasy, Souls-like, Fantasy, Story Rich, Anime","Side Scroller, PvE, PvP, Combat","2D, 2.5D",May 15 2024,39.99,143366.0,1734797.0,386.0,1106.0,3673.0,11391.0,37.0,89093.0,37.0,False,382.0,12963.0,10.0,7.0
2484250,ASTRA: Knights of Veda,HYBE IM,FLINT,Action,RPG,Free To Play,"RPG, Action RPG, Multiplayer","Dark Fantasy, Souls-like, Fantasy, Story Rich, Anime","Side Scroller, PvE, PvP, Combat","2D, 2.5D",May 16 2024,39.99,143874.0,1753129.0,304.0,1350.0,3686.0,11398.0,37.0,88966.0,36.0,False,508.0,18332.0,13.0,-127.0
2484250,ASTRA: Knights of Veda,HYBE IM,FLINT,Action,RPG,Free To Play,"RPG, Action RPG, Multiplayer","Dark Fantasy, Souls-like, Fantasy, Story Rich, Anime","Side Scroller, PvE, PvP, Combat","2D, 2.5D",May 17 2024,39.99,144238.0,1791616.0,184.0,1579.0,3696.0,11405.0,37.0,88848.0,36.0,False,364.0,38487.0,10.0,-118.0
2484250,ASTRA: Knights of Veda,HYBE IM,FLINT,Action,RPG,Free To Play,"RPG, Action RPG, Multiplayer","Dark Fantasy, Souls-like, Fantasy, Story Rich, Anime","Side Scroller, PvE, PvP, Combat","2D, 2.5D",May 18 2024,39.99,144735.0,1809117.0,355.0,1534.0,3708.0,11411.0,38.0,88746.0,37.0,False,497.0,17501.0,12.0,-102.0
2484250,ASTRA: Knights of Veda,HYBE IM,FLINT,Action,RPG,Free To Play,"RPG, Action RPG, Multiplayer","Dark Fantasy, Souls-like, Fantasy, Story Rich, Anime","Side Scroller, PvE, PvP, Combat","2D, 2.5D",May 19 2024,39.99,145065.0,1821074.0,406.0,1471.0,3717.0,11421.0,38.0,88572.0,39.0,False,330.0,11957.0,9.0,-174.0
2484250,ASTRA: Knights of Veda,HYBE IM,FLINT,Action,RPG,Free To Play,"RPG, Action RPG, Multiplayer","Dark Fantasy, Souls-like, Fantasy, Story Rich, Anime","Side Scroller, PvE, PvP, Combat","2D, 2.5D",May 20 2024,39.99,145371.0,1828965.0,527.0,1335.0,3725.0,11430.0,38.0,88424.0,41.0,False,306.0,7891.0,8.0,-148.0
2484250,ASTRA: Knights of Veda,HYBE IM,FLINT,Action,RPG,Free To Play,"RPG, Action RPG, Multiplayer","Dark Fantasy, Souls-like, Fantasy, Story Rich, Anime","Side Scroller, PvE, PvP, Combat","2D, 2.5D",May 21 2024,39.99,145651.0,1837555.0,489.0,1214.0,3732.0,11437.0,38.0,88301.0,43.0,False,280.0,8590.0,7.0,-123.0
2484250,ASTRA: Knights of Veda,HYBE IM,FLINT,Action,RPG,Free To Play,"RPG, Action RPG, Multiplayer","Dark Fantasy, Souls-like, Fantasy, Story Rich, Anime","Side Scroller, PvE, PvP, Combat","2D, 2.5D",May 22 2024,39.99,145797.0,1845225.0,518.0,1210.0,3735.0,11445.0,39.0,88166.0,43.0,False,146.0,7670.0,3.0,-135.0
2484250,ASTRA: Knights of Veda,HYBE IM,FLINT,Action,RPG,Free To Play,"RPG, Action RPG, Multiplayer","Dark Fantasy, Souls-like, Fantasy, Story Rich, Anime","Side Scroller, PvE, PvP, Combat","2D, 2.5D",May 23 2024,39.99,146065.0,1850950.0,626.0,982.0,3742.0,11455.0,39.0,87992.0,43.0,False,268.0,5725.0,7.0,-174.0
2484250,ASTRA: Knights of Veda,HYBE IM,FLINT,Action,RPG,Free To Play,"RPG, Action RPG, Multiplayer","Dark Fantasy, Souls-like, Fantasy, Story Rich, Anime","Side Scroller, PvE, PvP, Combat","2D, 2.5D",May 24 2024,39.99,146191.0,1856853.0,617.0,934.0,3746.0,11463.0,39.0,87846.0,45.0,False,126.0,5903.0,4.0,-146.0
2484250,ASTRA: Knights of Veda,HYBE IM,FLINT,Action,RPG,Free To Play,"RPG, Action RPG, Multiplayer","Dark Fantasy, Souls-like, Fantasy, Story Rich, Anime","Side Scroller, PvE, PvP, Combat","2D, 2.5D",May 25 2024,39.99,146555.0,1862864.0,634.0,1056.0,3755.0,11486.0,39.0,87454.0,45.0,False,364.0,6011.0,9.0,-392.0
2484250,ASTRA: Knights of Veda,HYBE IM,FLINT,Action,RPG,Free To Play,"RPG, Action RPG, Multiplayer","Dark Fantasy, Souls-like, Fantasy, Story Rich, Anime","Side Scroller, PvE, PvP, Combat","2D, 2.5D",May 26 2024,39.99,146730.0,1868882.0,606.0,1032.0,3759.0,11511.0,40.0,87032.0,46.0,False,175.0,6018.0,4.0,-422.0
2484250,ASTRA: Knights of Veda,HYBE IM,FLINT,Action,RPG,Free To Play,"RPG, Action RPG, Multiplayer","Dark Fantasy, Souls-like, Fantasy, Story Rich, Anime","Side Scroller, PvE, PvP, Combat","2D, 2.5D",May 27 2024,39.99,147039.0,1874155.0,693.0,953.0,3767.0,11520.0,40.0,86869.0,47.0,False,309.0,5273.0,8.0,-163.0
2484250,ASTRA: Knights of Veda,HYBE IM,FLINT,Action,RPG,Free To Play,"RPG, Action RPG, Multiplayer","Dark Fantasy, Souls-like, Fantasy, Story Rich, Anime","Side Scroller, PvE, PvP, Combat","2D, 2.5D",May 28 2024,39.99,147202.0,1880393.0,607.0,949.0,3771.0,11528.0,40.0,86727.0,45.0,False,163.0,6238.0,4.0,-142.0
2484250,ASTRA: Knights of Veda,HYBE IM,FLINT,Action,RPG,Free To Play,"RPG, Action RPG, Multiplayer","Dark Fantasy, Souls-like, Fantasy, Story Rich, Anime","Side Scroller, PvE, PvP, Combat","2D, 2.5D",May 29 2024,39.99,147376.0,1891207.0,437.0,878.0,3776.0,11540.0,40.0,86524.0,44.0,False,174.0,10814.0,5.0,-203.0
2484250,ASTRA: Knights of Veda,HYBE IM,FLINT,Action,RPG,Free To Play,"RPG, Action RPG, Multiplayer","Dark Fantasy, Souls-like, Fantasy, Story Rich, Anime","Side Scroller, PvE, PvP, Combat","2D, 2.5D",May 30 2024,39.99,147569.0,1912819.0,273.0,1055.0,3781.0,11553.0,40.0,86304.0,44.0,False,193.0,21612.0,5.0,-220.0
2484250,ASTRA: Knights of Veda,HYBE IM,FLINT,Action,RPG,Free To Play,"RPG, Action RPG, Multiplayer","Dark Fantasy, Souls-like, Fantasy, Story Rich, Anime","Side Scroller, PvE, PvP, Combat","2D, 2.5D",May 31 2024,39.99,147866.0,1934552.0,272.0,1148.0,3788.0,11565.0,41.0,86099.0,44.0,False,297.0,21733.0,7.0,-205.0
2484250,ASTRA: Knights of Veda,HYBE IM,FLINT,Action,RPG,Free To Play,"RPG, Action RPG, Multiplayer","Dark Fantasy, Souls-like, Fantasy, Story Rich, Anime","Side Scroller, PvE, PvP, Combat","2D, 2.5D",Jun 01 2024,39.99,148047.0,1948764.0,357.0,1294.0,3793.0,11579.0,41.0,85863.0,45.0,False,181.0,14212.0,5.0,-236.0
2484250,ASTRA: Knights of Veda,HYBE IM,FLINT,Action,RPG,Free To Play,"RPG, Action RPG, Multiplayer","Dark Fantasy, Souls-like, Fantasy, Story Rich, Anime","Side Scroller, PvE, PvP, Combat","2D, 2.5D",Jun 02 2024,39.99,148302.0,1959213.0,450.0,1294.0,3800.0,11592.0,41.0,85639.0,45.0,False,255.0,10449.0,7.0,-224.0
2484250,ASTRA: Knights of Veda,HYBE IM,FLINT,Action,RPG,Free To Play,"RPG, Action RPG, Multiplayer","Dark Fantasy, Souls-like, Fantasy, Story Rich, Anime","Side Scroller, PvE, PvP, Combat","2D, 2.5D",Jun 03 2024,39.99,148569.0,1964973.0,641.0,1067.0,3806.0,11603.0,42.0,85451.0,46.0,False,267.0,5760.0,6.0,-188.0
2484250,ASTRA: Knights of Veda,HYBE IM,FLINT,Action,RPG,Free To Play,"RPG, Action RPG, Multiplayer","Dark Fantasy, Souls-like, Fantasy, Story Rich, Anime","Side Scroller, PvE, PvP, Combat","2D, 2.5D",Jun 04 2024,39.99,148724.0,1972621.0,531.0,1048.0,3810.0,11609.0,42.0,85340.0,45.0,False,155.0,7648.0,4.0,-111.0
2484250,ASTRA: Knights of Veda,HYBE IM,FLINT,Action,RPG,Free To Play,"RPG, Action RPG, Multiplayer","Dark Fantasy, Souls-like, Fantasy, Story Rich, Anime","Side Scroller, PvE, PvP, Combat","2D, 2.5D",Jun 05 2024,39.99,148937.0,1980033.0,532.0,1005.0,3816.0,11615.0,42.0,85240.0,46.0,False,213.0,7412.0,6.0,-100.0
2484250,ASTRA: Knights of Veda,HYBE IM,FLINT,Action,RPG,Free To Play,"RPG, Action RPG, Multiplayer","Dark Fantasy, Souls-like, Fantasy, Story Rich, Anime","Side Scroller, PvE, PvP, Combat","2D, 2.5D",Jun 06 2024,39.99,149076.0,1986082.0,616.0,1024.0,3819.0,11619.0,42.0,85165.0,47.0,False,139.0,6049.0,3.0,-75.0
2484250,ASTRA: Knights of Veda,HYBE IM,FLINT,Action,RPG,Free To Play,"RPG, Action RPG, Multiplayer","Dark Fantasy, Souls-like, Fantasy, Story Rich, Anime","Side Scroller, PvE, PvP, Combat","2D, 2.5D",Jun 07 2024,39.99,149257.0,1991295.0,678.0,1026.0,3824.0,11620.0,42.0,85152.0,49.0,False,181.0,5213.0,5.0,-13.0
2484250,ASTRA: Knights of Veda,HYBE IM,FLINT,Action,RPG,Free To Play,"RPG, Action RPG, Multiplayer","Dark Fantasy, Souls-like, Fantasy, Story Rich, Anime","Side Scroller, PvE, PvP, Combat","2D, 2.5D",Jun 08 2024,39.99,149388.0,1996749.0,659.0,1050.0,3827.0,11625.0,43.0,85068.0,48.0,False,131.0,5454.0,3.0,-84.0
2484250,ASTRA: Knights of Veda,HYBE IM,FLINT,Action,RPG,Free To Play,"RPG, Action RPG, Multiplayer","Dark Fantasy, Souls-like, Fantasy, Story Rich, Anime","Side Scroller, PvE, PvP, Combat","2D, 2.5D",Jun 09 2024,39.99,149573.0,2000723.0,795.0,1025.0,3832.0,11630.0,43.0,84977.0,47.0,False,185.0,3974.0,5.0,-91.0
2484250,ASTRA: Knights of Veda,HYBE IM,FLINT,Action,RPG,Free To Play,"RPG, Action RPG, Multiplayer","Dark Fantasy, Souls-like, Fantasy, Story Rich, Anime","Side Scroller, PvE, PvP, Combat","2D, 2.5D",Jun 10 2024,39.99,149730.0,2005547.0,762.0,914.0,3836.0,11645.0,43.0,84715.0,48.0,False,157.0,4824.0,4.0,-262.0
2484250,ASTRA: Knights of Veda,HYBE IM,FLINT,Action,RPG,Free To Play,"RPG, Action RPG, Multiplayer","Dark Fantasy, Souls-like, Fantasy, Story Rich, Anime","Side Scroller, PvE, PvP, Combat","2D, 2.5D",Jun 11 2024,39.99,149976.0,2011811.0,618.0,841.0,3843.0,11653.0,43.0,84583.0,46.0,False,246.0,6264.0,7.0,-132.0
2484250,ASTRA: Knights of Veda,HYBE IM,FLINT,Action,RPG,Free To Play,"RPG, Action RPG, Multiplayer","Dark Fantasy, Souls-like, Fantasy, Story Rich, Anime","Side Scroller, PvE, PvP, Combat","2D, 2.5D",Jun 12 2024,39.99,150152.0,2016112.0,866.0,816.0,3847.0,11658.0,43.0,84503.0,46.0,False,176.0,4301.0,4.0,-80.0
2484250,ASTRA: Knights of Veda,HYBE IM,FLINT,Action,RPG,Free To Play,"RPG, Action RPG, Multiplayer","Dark Fantasy, Souls-like, Fantasy, Story Rich, Anime","Side Scroller, PvE, PvP, Combat","2D, 2.5D",Jun 13 2024,39.99,150337.0,2020591.0,796.0,1034.0,3852.0,11660.0,44.0,84469.0,45.0,False,185.0,4479.0,5.0,-34.0
2484250,ASTRA: Knights of Veda,HYBE IM,FLINT,Action,RPG,Free To Play,"RPG, Action RPG, Multiplayer","Dark Fantasy, Souls-like, Fantasy, Story Rich, Anime","Side Scroller, PvE, PvP, Combat","2D, 2.5D",Jun 14 2024,39.99,150630.0,2025860.0,690.0,1077.0,3859.0,11665.0,44.0,84384.0,45.0,False,293.0,5269.0,7.0,-85.0
2484250,ASTRA: Knights of Veda,HYBE IM,FLINT,Action,RPG,Free To Play,"RPG, Action RPG, Multiplayer","Dark Fantasy, Souls-like, Fantasy, Story Rich, Anime","Side Scroller, PvE, PvP, Combat","2D, 2.5D",Jun 15 2024,39.99,150852.0,2041598.0,379.0,1033.0,3865.0,11676.0,44.0,84185.0,44.0,False,222.0,15738.0,6.0,-199.0
2484250,ASTRA: Knights of Veda,HYBE IM,FLINT,Action,RPG,Free To Play,"RPG, Action RPG, Multiplayer","Dark Fantasy, Souls-like, Fantasy, Story Rich, Anime","Side Scroller, PvE, PvP, Combat","2D, 2.5D",Jun 16 2024,39.99,150892.0,2053683.0,412.0,946.0,3865.0,11681.0,44.0,84098.0,44.0,False,40.0,12085.0,0.0,-87.0
2484250,ASTRA: Knights of Veda,HYBE IM,FLINT,Action,RPG,Free To Play,"RPG, Action RPG, Multiplayer","Dark Fantasy, Souls-like, Fantasy, Story Rich, Anime","Side Scroller, PvE, PvP, Combat","2D, 2.5D",Jun 17 2024,39.99,150892.0,2061411.0,538.0,858.0,3866.0,11686.0,45.0,84017.0,43.0,False,0.0,7728.0,1.0,-81.0
2484250,ASTRA: Knights of Veda,HYBE IM,FLINT,Action,RPG,Free To Play,"RPG, Action RPG, Multiplayer","Dark Fantasy, Souls-like, Fantasy, Story Rich, Anime","Side Scroller, PvE, PvP, Combat","2D, 2.5D",Jun 18 2024,39.99,150954.0,2066661.0,663.0,795.0,3868.0,11695.0,45.0,83865.0,43.0,False,62.0,5250.0,2.0,-152.0
2484250,ASTRA: Knights of Veda,HYBE IM,FLINT,Action,RPG,Free To Play,"RPG, Action RPG, Multiplayer","Dark Fantasy, Souls-like, Fantasy, Story Rich, Anime","Side Scroller, PvE, PvP, Combat","2D, 2.5D",Jun 19 2024,39.99,151129.0,2067715.0,,741.0,3872.0,11703.0,45.0,83732.0,43.0,False,175.0,1054.0,4.0,-133.0
2484250,ASTRA: Knights of Veda,HYBE IM,FLINT,Action,RPG,Free To Play,"RPG, Action RPG, Multiplayer","Dark Fantasy, Souls-like, Fantasy, Story Rich, Anime","Side Scroller, PvE, PvP, Combat","2D, 2.5D",Jun 20 2024,39.99,151228.0,2071091.0,,728.0,3875.0,11708.0,45.0,83641.0,43.0,False,99.0,3376.0,3.0,-91.0
2484250,ASTRA: Knights of Veda,HYBE IM,FLINT,Action,RPG,Free To Play,"RPG, Action RPG, Multiplayer","Dark Fantasy, Souls-like, Fantasy, Story Rich, Anime","Side Scroller, PvE, PvP, Combat","2D, 2.5D",Jun 21 2024,39.99,151317.0,2074733.0,814.0,729.0,3877.0,11715.0,45.0,83527.0,43.0,False,89.0,3642.0,2.0,-114.0
2484250,ASTRA: Knights of Veda,HYBE IM,FLINT,Action,RPG,Free To Play,"RPG, Action RPG, Multiplayer","Dark Fantasy, Souls-like, Fantasy, Story Rich, Anime","Side Scroller, PvE, PvP, Combat","2D, 2.5D",Jun 22 2024,39.99,151506.0,2080270.0,710.0,771.0,3882.0,11719.0,45.0,83456.0,43.0,False,189.0,5537.0,5.0,-71.0
2484250,ASTRA: Knights of Veda,HYBE IM,FLINT,Action,RPG,Free To Play,"RPG, Action RPG, Multiplayer","Dark Fantasy, Souls-like, Fantasy, Story Rich, Anime","Side Scroller, PvE, PvP, Combat","2D, 2.5D",Jun 23 2024,39.99,151620.0,2085071.0,811.0,764.0,3885.0,11723.0,46.0,83382.0,43.0,False,114.0,4801.0,3.0,-74.0
2484250,ASTRA: Knights of Veda,HYBE IM,FLINT,Action,RPG,Free To Play,"RPG, Action RPG, Multiplayer","Dark Fantasy, Souls-like, Fantasy, Story Rich, Anime","Side Scroller, PvE, PvP, Combat","2D, 2.5D",Jun 24 2024,39.99,151761.0,2090333.0,690.0,670.0,3888.0,11726.0,46.0,83338.0,45.0,False,141.0,5262.0,3.0,-44.0
2484250,ASTRA: Knights of Veda,HYBE IM,FLINT,Action,RPG,Free To Play,"RPG, Action RPG, Multiplayer","Dark Fantasy, Souls-like, Fantasy, Story Rich, Anime","Side Scroller, PvE, PvP, Combat","2D, 2.5D",Jun 25 2024,39.99,151853.0,2093621.0,1172.0,677.0,3891.0,11728.0,46.0,83304.0,45.0,False,92.0,3288.0,3.0,-34.0
2484250,ASTRA: Knights of Veda,HYBE IM,FLINT,Action,RPG,Free To Play,"RPG, Action RPG, Multiplayer","Dark Fantasy, Souls-like, Fantasy, Story Rich, Anime","Side Scroller, PvE, PvP, Combat","2D, 2.5D",Jun 26 2024,39.99,151868.0,2097285.0,1018.0,642.0,3891.0,11733.0,46.0,83213.0,45.0,False,15.0,3664.0,0.0,-91.0
2484250,ASTRA: Knights of Veda,HYBE IM,FLINT,Action,RPG,Free To Play,"RPG, Action RPG, Multiplayer","Dark Fantasy, Souls-like, Fantasy, Story Rich, Anime","Side Scroller, PvE, PvP, Combat","2D, 2.5D",Jun 27 2024,39.99,151963.0,2100624.0,1121.0,694.0,3893.0,11740.0,46.0,83082.0,46.0,False,95.0,3339.0,2.0,-131.0
2484250,ASTRA: Knights of Veda,HYBE IM,FLINT,Action,RPG,Free To Play,"RPG, Action RPG, Multiplayer","Dark Fantasy, Souls-like, Fantasy, Story Rich, Anime","Side Scroller, PvE, PvP, Combat","2D, 2.5D",Jun 28 2024,39.99,152207.0,2104796.0,870.0,707.0,3900.0,11744.0,46.0,83029.0,47.0,False,244.0,4172.0,7.0,-53.0
2484250,ASTRA: Knights of Veda,HYBE IM,FLINT,Action,RPG,Free To Play,"RPG, Action RPG, Multiplayer","Dark Fantasy, Souls-like, Fantasy, Story Rich, Anime","Side Scroller, PvE, PvP, Combat","2D, 2.5D",Jun 29 2024,39.99,152321.0,2107742.0,1241.0,773.0,3903.0,11751.0,46.0,82910.0,48.0,False,114.0,2946.0,3.0,-119.0
2484250,ASTRA: Knights of Veda,HYBE IM,FLINT,Action,RPG,Free To Play,"RPG, Action RPG, Multiplayer","Dark Fantasy, Souls-like, Fantasy, Story Rich, Anime","Side Scroller, PvE, PvP, Combat","2D, 2.5D",Jun 30 2024,39.99,152559.0,2109707.0,1577.0,758.0,3909.0,11750.0,47.0,82913.0,49.0,False,238.0,1965.0,6.0,3.0
2484250,ASTRA: Knights of Veda,HYBE IM,FLINT,Action,RPG,Free To Play,"RPG, Action RPG, Multiplayer","Dark Fantasy, Souls-like, Fantasy, Story Rich, Anime","Side Scroller, PvE, PvP, Combat","2D, 2.5D",Jul 01 2024,39.99,152737.0,2112739.0,1222.0,667.0,3913.0,11752.0,47.0,82877.0,47.0,False,178.0,3032.0,4.0,-36.0
2484250,ASTRA: Knights of Veda,HYBE IM,FLINT,Action,RPG,Free To Play,"RPG, Action RPG, Multiplayer","Dark Fantasy, Souls-like, Fantasy, Story Rich, Anime","Side Scroller, PvE, PvP, Combat","2D, 2.5D",Jul 02 2024,39.99,152919.0,2116574.0,1141.0,604.0,3918.0,11759.0,47.0,82766.0,47.0,False,182.0,3835.0,5.0,-111.0
2484250,ASTRA: Knights of Veda,HYBE IM,FLINT,Action,RPG,Free To Play,"RPG, Action RPG, Multiplayer","Dark Fantasy, Souls-like, Fantasy, Story Rich, Anime","Side Scroller, PvE, PvP, Combat","2D, 2.5D",Jul 03 2024,39.99,153036.0,2118602.0,1503.0,611.0,3921.0,11753.0,47.0,82865.0,48.0,False,117.0,2028.0,3.0,99.0
2484250,ASTRA: Knights of Veda,HYBE IM,FLINT,Action,RPG,Free To Play,"RPG, Action RPG, Multiplayer","Dark Fantasy, Souls-like, Fantasy, Story Rich, Anime","Side Scroller, PvE, PvP, Combat","2D, 2.5D",Jul 04 2024,39.99,153077.0,2121274.0,1329.0,563.0,3922.0,11759.0,47.0,82766.0,48.0,False,41.0,2672.0,1.0,-99.0
2484250,ASTRA: Knights of Veda,HYBE IM,FLINT,Action,RPG,Free To Play,"RPG, Action RPG, Multiplayer","Dark Fantasy, Souls-like, Fantasy, Story Rich, Anime","Side Scroller, PvE, PvP, Combat","2D, 2.5D",Jul 05 2024,39.99,153116.0,2123136.0,1595.0,547.0,3923.0,11764.0,47.0,82681.0,48.0,False,39.0,1862.0,1.0,-85.0
2484250,ASTRA: Knights of Veda,HYBE IM,FLINT,Action,RPG,Free To Play,"RPG, Action RPG, Multiplayer","Dark Fantasy, Souls-like, Fantasy, Story Rich, Anime","Side Scroller, PvE, PvP, Combat","2D, 2.5D",Jul 06 2024,39.99,153231.0,2124799.0,1720.0,580.0,3926.0,11766.0,47.0,82645.0,46.0,False,115.0,1663.0,3.0,-36.0
2484250,ASTRA: Knights of Veda,HYBE IM,FLINT,Action,RPG,Free To Play,"RPG, Action RPG, Multiplayer","Dark Fantasy, Souls-like, Fantasy, Story Rich, Anime","Side Scroller, PvE, PvP, Combat","2D, 2.5D",Jul 07 2024,39.99,153424.0,2126478.0,1711.0,669.0,3931.0,11776.0,47.0,82477.0,46.0,False,193.0,1679.0,5.0,-168.0
2484250,ASTRA: Knights of Veda,HYBE IM,FLINT,Action,RPG,Free To Play,"RPG, Action RPG, Multiplayer","Dark Fantasy, Souls-like, Fantasy, Story Rich, Anime","Side Scroller, PvE, PvP, Combat","2D, 2.5D",Jul 08 2024,39.99,153543.0,2127066.0,2417.0,552.0,3934.0,11782.0,48.0,81828.0,45.0,False,119.0,588.0,3.0,-649.0
2484250,ASTRA: Knights of Veda,HYBE IM,FLINT,Action,RPG,Free To Play,"RPG, Action RPG, Multiplayer","Dark Fantasy, Souls-like, Fantasy, Story Rich, Anime","Side Scroller, PvE, PvP, Combat","2D, 2.5D",Jul 09 2024,39.99,153659.0,2127958.0,2202.0,513.0,3937.0,11785.0,48.0,81758.0,45.0,False,116.0,892.0,3.0,-70.0
2484250,ASTRA: Knights of Veda,HYBE IM,FLINT,Action,RPG,Free To Play,"RPG, Action RPG, Multiplayer","Dark Fantasy, Souls-like, Fantasy, Story Rich, Anime","Side Scroller, PvE, PvP, Combat","2D, 2.5D",Jul 10 2024,39.99,153701.0,2129542.0,1769.0,481.0,3938.0,11793.0,48.0,81621.0,46.0,False,42.0,1584.0,1.0,-137.0
2484250,ASTRA: Knights of Veda,HYBE IM,FLINT,Action,RPG,Free To Play,"RPG, Action RPG, Multiplayer","Dark Fantasy, Souls-like, Fantasy, Story Rich, Anime","Side Scroller, PvE, PvP, Combat","2D, 2.5D",Jul 11 2024,39.99,153779.0,2129697.0,2917.0,806.0,3940.0,11799.0,48.0,81515.0,47.0,False,78.0,155.0,2.0,-106.0
2484250,ASTRA: Knights of Veda,HYBE IM,FLINT,Action,RPG,Free To Play,"RPG, Action RPG, Multiplayer","Dark Fantasy, Souls-like, Fantasy, Story Rich, Anime","Side Scroller, PvE, PvP, Combat","2D, 2.5D",Jul 12 2024,39.99,154384.0,2143072.0,457.0,842.0,3955.0,11807.0,48.0,81378.0,47.0,False,605.0,13375.0,15.0,-137.0
2484250,ASTRA: Knights of Veda,HYBE IM,FLINT,Action,RPG,Free To Play,"RPG, Action RPG, Multiplayer","Dark Fantasy, Souls-like, Fantasy, Story Rich, Anime","Side Scroller, PvE, PvP, Combat","2D, 2.5D",Jul 13 2024,39.99,154973.0,2160400.0,320.0,856.0,3971.0,11820.0,48.0,82942.0,40.0,False,589.0,17328.0,16.0,1564.0
2484250,ASTRA: Knights of Veda,HYBE IM,FLINT,Action,RPG,Free To Play,"RPG, Action RPG, Multiplayer","Dark Fantasy, Souls-like, Fantasy, Story Rich, Anime","Side Scroller, PvE, PvP, Combat","2D, 2.5D",Jul 14 2024,39.99,155257.0,2170547.0,447.0,841.0,3978.0,11837.0,48.0,82714.0,40.0,False,284.0,10147.0,7.0,-228.0
2484250,ASTRA: Knights of Veda,HYBE IM,FLINT,Action,RPG,Free To Play,"RPG, Action RPG, Multiplayer","Dark Fantasy, Souls-like, Fantasy, Story Rich, Anime","Side Scroller, PvE, PvP, Combat","2D, 2.5D",Jul 15 2024,39.99,155567.0,2182501.0,402.0,712.0,3986.0,11844.0,48.0,82593.0,39.0,False,310.0,11954.0,8.0,-121.0
2484250,ASTRA: Knights of Veda,HYBE IM,FLINT,Action,RPG,Free To Play,"RPG, Action RPG, Multiplayer","Dark Fantasy, Souls-like, Fantasy, Story Rich, Anime","Side Scroller, PvE, PvP, Combat","2D, 2.5D",Jul 16 2024,39.99,155840.0,2191844.0,464.0,694.0,3993.0,11851.0,48.0,82476.0,39.0,False,273.0,9343.0,7.0,-117.0
2484250,ASTRA: Knights of Veda,HYBE IM,FLINT,Action,RPG,Free To Play,"RPG, Action RPG, Multiplayer","Dark Fantasy, Souls-like, Fantasy, Story Rich, Anime","Side Scroller, PvE, PvP, Combat","2D, 2.5D",Jul 17 2024,39.99,156095.0,2195326.0,520.0,714.0,3999.0,11855.0,48.0,82627.0,39.0,False,255.0,3482.0,6.0,151.0
2484250,ASTRA: Knights of Veda,HYBE IM,FLINT,Action,RPG,Free To Play,"RPG, Action RPG, Multiplayer","Dark Fantasy, Souls-like, Fantasy, Story Rich, Anime","Side Scroller, PvE, PvP, Combat","2D, 2.5D",Jul 18 2024,39.99,156350.0,2198621.0,576.0,734.0,4006.0,11859.0,49.0,82786.0,40.0,False,255.0,3295.0,7.0,159.0
2484250,ASTRA: Knights of Veda,HYBE IM,FLINT,Action,RPG,Free To Play,"RPG, Action RPG, Multiplayer","Dark Fantasy, Souls-like, Fantasy, Story Rich, Anime","Side Scroller, PvE, PvP, Combat","2D, 2.5D",Jul 19 2024,39.99,156546.0,2204937.0,589.0,666.0,4011.0,11869.0,49.0,82630.0,40.0,False,196.0,6316.0,5.0,-156.0
2484250,ASTRA: Knights of Veda,HYBE IM,FLINT,Action,RPG,Free To Play,"RPG, Action RPG, Multiplayer","Dark Fantasy, Souls-like, Fantasy, Story Rich, Anime","Side Scroller, PvE, PvP, Combat","2D, 2.5D",Jul 20 2024,39.99,156703.0,2212583.0,511.0,737.0,4015.0,11870.0,49.0,82609.0,41.0,False,157.0,7646.0,4.0,-21.0
2484250,ASTRA: Knights of Veda,HYBE IM,FLINT,Action,RPG,Free To Play,"RPG, Action RPG, Multiplayer","Dark Fantasy, Souls-like, Fantasy, Story Rich, Anime","Side Scroller, PvE, PvP, Combat","2D, 2.5D",Jul 21 2024,39.99,156822.0,2217506.0,713.0,714.0,4018.0,11868.0,49.0,82641.0,42.0,False,119.0,4923.0,3.0,32.0
2484250,ASTRA: Knights of Veda,HYBE IM,FLINT,Action,RPG,Free To Play,"RPG, Action RPG, Multiplayer","Dark Fantasy, Souls-like, Fantasy, Story Rich, Anime","Side Scroller, PvE, PvP, Combat","2D, 2.5D",Jul 22 2024,39.99,156901.0,2222455.0,699.0,596.0,4020.0,11870.0,49.0,82610.0,41.0,False,79.0,4949.0,2.0,-31.0
2484250,ASTRA: Knights of Veda,HYBE IM,FLINT,Action,RPG,Free To Play,"RPG, Action RPG, Multiplayer","Dark Fantasy, Souls-like, Fantasy, Story Rich, Anime","Side Scroller, PvE, PvP, Combat","2D, 2.5D",Jul 23 2024,39.99,156941.0,2227223.0,731.0,625.0,4021.0,11875.0,49.0,82529.0,41.0,False,40.0,4768.0,1.0,-81.0
2484250,ASTRA: Knights of Veda,HYBE IM,FLINT,Action,RPG,Free To Play,"RPG, Action RPG, Multiplayer","Dark Fantasy, Souls-like, Fantasy, Story Rich, Anime","Side Scroller, PvE, PvP, Combat","2D, 2.5D",Jul 24 2024,39.99,157018.0,2231111.0,949.0,628.0,4023.0,11887.0,49.0,82334.0,42.0,False,77.0,3888.0,2.0,-195.0
2484250,ASTRA: Knights of Veda,HYBE IM,FLINT,Action,RPG,Free To Play,"RPG, Action RPG, Multiplayer","Dark Fantasy, Souls-like, Fantasy, Story Rich, Anime","Side Scroller, PvE, PvP, Combat","2D, 2.5D",Jul 25 2024,39.99,157209.0,2234418.0,1129.0,611.0,4028.0,11888.0,50.0,82313.0,42.0,False,191.0,3307.0,5.0,-21.0
2484250,ASTRA: Knights of Veda,HYBE IM,FLINT,Action,RPG,Free To Play,"RPG, Action RPG, Multiplayer","Dark Fantasy, Souls-like, Fantasy, Story Rich, Anime","Side Scroller, PvE, PvP, Combat","2D, 2.5D",Jul 26 2024,39.99,157442.0,2238129.0,996.0,661.0,4034.0,11888.0,50.0,82312.0,43.0,False,233.0,3711.0,6.0,-1.0
2484250,ASTRA: Knights of Veda,HYBE IM,FLINT,Action,RPG,Free To Play,"RPG, Action RPG, Multiplayer","Dark Fantasy, Souls-like, Fantasy, Story Rich, Anime","Side Scroller, PvE, PvP, Combat","2D, 2.5D",Jul 27 2024,39.99,157601.0,2242377.0,848.0,715.0,4038.0,11891.0,50.0,82264.0,42.0,False,159.0,4248.0,4.0,-48.0
2484250,ASTRA: Knights of Veda,HYBE IM,FLINT,Action,RPG,Free To Play,"RPG, Action RPG, Multiplayer","Dark Fantasy, Souls-like, Fantasy, Story Rich, Anime","Side Scroller, PvE, PvP, Combat","2D, 2.5D",Jul 28 2024,39.99,157606.0,2247093.0,743.0,691.0,4038.0,11892.0,50.0,82247.0,42.0,False,5.0,4716.0,0.0,-17.0
2484250,ASTRA: Knights of Veda,HYBE IM,FLINT,Action,RPG,Free To Play,"RPG, Action RPG, Multiplayer","Dark Fantasy, Souls-like, Fantasy, Story Rich, Anime","Side Scroller, PvE, PvP, Combat","2D, 2.5D",Jul 29 2024,39.99,157757.0,2250785.0,996.0,607.0,4042.0,11897.0,50.0,82167.0,42.0,False,151.0,3692.0,4.0,-80.0
2484250,ASTRA: Knights of Veda,HYBE IM,FLINT,Action,RPG,Free To Play,"RPG, Action RPG, Multiplayer","Dark Fantasy, Souls-like, Fantasy, Story Rich, Anime","Side Scroller, PvE, PvP, Combat","2D, 2.5D",Jul 30 2024,39.99,157988.0,2254564.0,977.0,584.0,4048.0,11899.0,50.0,82132.0,41.0,False,231.0,3779.0,6.0,-35.0
2484250,ASTRA: Knights of Veda,HYBE IM,FLINT,Action,RPG,Free To Play,"RPG, Action RPG, Multiplayer","Dark Fantasy, Souls-like, Fantasy, Story Rich, Anime","Side Scroller, PvE, PvP, Combat","2D, 2.5D",Jul 31 2024,39.99,158034.0,2260243.0,648.0,561.0,4049.0,11904.0,50.0,82051.0,42.0,False,46.0,5679.0,1.0,-81.0
2484250,ASTRA: Knights of Veda,HYBE IM,FLINT,Action,RPG,Free To Play,"RPG, Action RPG, Multiplayer","Dark Fantasy, Souls-like, Fantasy, Story Rich, Anime","Side Scroller, PvE, PvP, Combat","2D, 2.5D",Aug 01 2024,39.99,158265.0,2265869.0,654.0,838.0,4055.0,11903.0,50.0,82065.0,43.0,False,231.0,5626.0,6.0,14.0
2484250,ASTRA: Knights of Veda,HYBE IM,FLINT,Action,RPG,Free To Play,"RPG, Action RPG, Multiplayer","Dark Fantasy, Souls-like, Fantasy, Story Rich, Anime","Side Scroller, PvE, PvP, Combat","2D, 2.5D",Aug 02 2024,39.99,158383.0,2285460.0,288.0,754.0,4058.0,11907.0,51.0,82001.0,41.0,False,118.0,19591.0,3.0,-64.0
2484250,ASTRA: Knights of Veda,HYBE IM,FLINT,Action,RPG,Free To Play,"RPG, Action RPG, Multiplayer","Dark Fantasy, Souls-like, Fantasy, Story Rich, Anime","Side Scroller, PvE, PvP, Combat","2D, 2.5D",Aug 03 2024,39.99,158424.0,2294764.0,466.0,680.0,4059.0,11908.0,51.0,81983.0,42.0,False,41.0,9304.0,1.0,-18.0
2484250,ASTRA: Knights of Veda,HYBE IM,FLINT,Action,RPG,Free To Play,"RPG, Action RPG, Multiplayer","Dark Fantasy, Souls-like, Fantasy, Story Rich, Anime","Side Scroller, PvE, PvP, Combat","2D, 2.5D",Aug 04 2024,39.99,158539.0,2300692.0,629.0,665.0,4062.0,11910.0,51.0,81951.0,42.0,False,115.0,5928.0,3.0,-32.0
2484250,ASTRA: Knights of Veda,HYBE IM,FLINT,Action,RPG,Free To Play,"RPG, Action RPG, Multiplayer","Dark Fantasy, Souls-like, Fantasy, Story Rich, Anime","Side Scroller, PvE, PvP, Combat","2D, 2.5D",Aug 05 2024,39.99,158618.0,2304246.0,1052.0,606.0,4064.0,11911.0,51.0,81934.0,43.0,False,79.0,3554.0,2.0,-17.0
2484250,ASTRA: Knights of Veda,HYBE IM,FLINT,Action,RPG,Free To Play,"RPG, Action RPG, Multiplayer","Dark Fantasy, Souls-like, Fantasy, Story Rich, Anime","Side Scroller, PvE, PvP, Combat","2D, 2.5D",Aug 06 2024,39.99,158771.0,2307932.0,1001.0,539.0,4068.0,11914.0,51.0,81885.0,44.0,False,153.0,3686.0,4.0,-49.0
2484250,ASTRA: Knights of Veda,HYBE IM,FLINT,Action,RPG,Free To Play,"RPG, Action RPG, Multiplayer","Dark Fantasy, Souls-like, Fantasy, Story Rich, Anime","Side Scroller, PvE, PvP, Combat","2D, 2.5D",Aug 07 2024,39.99,158814.0,2310708.0,1290.0,537.0,4069.0,11920.0,51.0,81788.0,44.0,False,43.0,2776.0,1.0,-97.0
2484250,ASTRA: Knights of Veda,HYBE IM,FLINT,Action,RPG,Free To Play,"RPG, Action RPG, Multiplayer","Dark Fantasy, Souls-like, Fantasy, Story Rich, Anime","Side Scroller, PvE, PvP, Combat","2D, 2.5D",Aug 08 2024,39.99,158930.0,2313456.0,1300.0,402.0,4072.0,11925.0,51.0,81705.0,45.0,False,116.0,2748.0,3.0,-83.0
2484250,ASTRA: Knights of Veda,HYBE IM,FLINT,Action,RPG,Free To Play,"RPG, Action RPG, Multiplayer","Dark Fantasy, Souls-like, Fantasy, Story Rich, Anime","Side Scroller, PvE, PvP, Combat","2D, 2.5D",Aug 09 2024,39.99,159123.0,2316118.0,1325.0,498.0,4077.0,11934.0,51.0,81558.0,45.0,False,193.0,2662.0,5.0,-147.0
2484250,ASTRA: Knights of Veda,HYBE IM,FLINT,Action,RPG,Free To Play,"RPG, Action RPG, Multiplayer","Dark Fantasy, Souls-like, Fantasy, Story Rich, Anime","Side Scroller, PvE, PvP, Combat","2D, 2.5D",Aug 10 2024,39.99,159203.0,2319918.0,971.0,561.0,4079.0,11935.0,51.0,81538.0,44.0,False,80.0,3800.0,2.0,-20.0
2484250,ASTRA: Knights of Veda,HYBE IM,FLINT,Action,RPG,Free To Play,"RPG, Action RPG, Multiplayer","Dark Fantasy, Souls-like, Fantasy, Story Rich, Anime","Side Scroller, PvE, PvP, Combat","2D, 2.5D",Aug 11 2024,39.99,159206.0,2324129.0,863.0,537.0,4078.0,11937.0,52.0,81506.0,45.0,False,3.0,4211.0,-1.0,-32.0
2484250,ASTRA: Knights of Veda,HYBE IM,FLINT,Action,RPG,Free To Play,"RPG, Action RPG, Multiplayer","Dark Fantasy, Souls-like, Fantasy, Story Rich, Anime","Side Scroller, PvE, PvP, Combat","2D, 2.5D",Aug 12 2024,39.99,159319.0,2326531.0,1397.0,486.0,4082.0,11944.0,52.0,81393.0,46.0,False,113.0,2402.0,4.0,-113.0
2484250,ASTRA: Knights of Veda,HYBE IM,FLINT,Action,RPG,Free To Play,"RPG, Action RPG, Multiplayer","Dark Fantasy, Souls-like, Fantasy, Story Rich, Anime","Side Scroller, PvE, PvP, Combat","2D, 2.5D",Aug 13 2024,39.99,159398.0,2329795.0,1140.0,464.0,4084.0,11945.0,52.0,81374.0,50.0,False,79.0,3264.0,2.0,-19.0
2484250,ASTRA: Knights of Veda,HYBE IM,FLINT,Action,RPG,Free To Play,"RPG, Action RPG, Multiplayer","Dark Fantasy, Souls-like, Fantasy, Story Rich, Anime","Side Scroller, PvE, PvP, Combat","2D, 2.5D",Aug 14 2024,39.99,159627.0,2334070.0,843.0,501.0,4090.0,11947.0,52.0,80906.0,53.0,False,229.0,4275.0,6.0,-468.0
2484250,ASTRA: Knights of Veda,HYBE IM,FLINT,Action,RPG,Free To Play,"RPG, Action RPG, Multiplayer","Dark Fantasy, Souls-like, Fantasy, Story Rich, Anime","Side Scroller, PvE, PvP, Combat","2D, 2.5D",Aug 15 2024,39.99,159673.0,2336870.0,1290.0,467.0,4091.0,11948.0,52.0,80873.0,54.0,False,46.0,2800.0,1.0,-33.0
2484250,ASTRA: Knights of Veda,HYBE IM,FLINT,Action,RPG,Free To Play,"RPG, Action RPG, Multiplayer","Dark Fantasy, Souls-like, Fantasy, Story Rich, Anime","Side Scroller, PvE, PvP, Combat","2D, 2.5D",Aug 16 2024,39.99,159825.0,2338616.0,1681.0,433.0,4095.0,11953.0,52.0,80792.0,57.0,False,152.0,1746.0,4.0,-81.0
2484250,ASTRA: Knights of Veda,HYBE IM,FLINT,Action,RPG,Free To Play,"RPG, Action RPG, Multiplayer","Dark Fantasy, Souls-like, Fantasy, Story Rich, Anime","Side Scroller, PvE, PvP, Combat","2D, 2.5D",Aug 17 2024,39.99,159906.0,2342036.0,1092.0,493.0,4097.0,11956.0,52.0,80741.0,57.0,False,81.0,3420.0,2.0,-51.0
2484250,ASTRA: Knights of Veda,HYBE IM,FLINT,Action,RPG,Free To Play,"RPG, Action RPG, Multiplayer","Dark Fantasy, Souls-like, Fantasy, Story Rich, Anime","Side Scroller, PvE, PvP, Combat","2D, 2.5D",Aug 18 2024,39.99,160136.0,2343788.0,1681.0,493.0,4103.0,11955.0,52.0,80756.0,58.0,False,230.0,1752.0,6.0,15.0
2484250,ASTRA: Knights of Veda,HYBE IM,FLINT,Action,RPG,Free To Play,"RPG, Action RPG, Multiplayer","Dark Fantasy, Souls-like, Fantasy, Story Rich, Anime","Side Scroller, PvE, PvP, Combat","2D, 2.5D",Aug 19 2024,39.99,160143.0,2345717.0,1566.0,417.0,4103.0,11966.0,52.0,80579.0,59.0,False,7.0,1929.0,0.0,-177.0
2484250,ASTRA: Knights of Veda,HYBE IM,FLINT,Action,RPG,Free To Play,"RPG, Action RPG, Multiplayer","Dark Fantasy, Souls-like, Fantasy, Story Rich, Anime","Side Scroller, PvE, PvP, Combat","2D, 2.5D",Aug 20 2024,39.99,160143.0,2349140.0,1089.0,392.0,4102.0,11968.0,52.0,80541.0,57.0,False,0.0,3423.0,-1.0,-38.0
2484250,ASTRA: Knights of Veda,HYBE IM,FLINT,Action,RPG,Free To Play,"RPG, Action RPG, Multiplayer","Dark Fantasy, Souls-like, Fantasy, Story Rich, Anime","Side Scroller, PvE, PvP, Combat","2D, 2.5D",Aug 21 2024,39.99,160257.0,2351641.0,1374.0,417.0,4106.0,11973.0,52.0,80459.0,57.0,False,114.0,2501.0,4.0,-82.0
2484250,ASTRA: Knights of Veda,HYBE IM,FLINT,Action,RPG,Free To Play,"RPG, Action RPG, Multiplayer","Dark Fantasy, Souls-like, Fantasy, Story Rich, Anime","Side Scroller, PvE, PvP, Combat","2D, 2.5D",Aug 22 2024,39.99,160336.0,2355092.0,1078.0,586.0,4108.0,11972.0,53.0,80473.0,55.0,False,79.0,3451.0,2.0,14.0
2484250,ASTRA: Knights of Veda,HYBE IM,FLINT,Action,RPG,Free To Play,"RPG, Action RPG, Multiplayer","Dark Fantasy, Souls-like, Fantasy, Story Rich, Anime","Side Scroller, PvE, PvP, Combat","2D, 2.5D",Aug 23 2024,39.99,160527.0,2380075.0,257.0,554.0,4113.0,11975.0,53.0,80425.0,54.0,False,191.0,24983.0,5.0,-48.0
2484250,ASTRA: Knights of Veda,HYBE IM,FLINT,Action,RPG,Free To Play,"RPG, Action RPG, Multiplayer","Dark Fantasy, Souls-like, Fantasy, Story Rich, Anime","Side Scroller, PvE, PvP, Combat","2D, 2.5D",Aug 24 2024,39.99,160874.0,2395267.0,352.0,536.0,4122.0,11979.0,53.0,80358.0,53.0,False,347.0,15192.0,9.0,-67.0
2484250,ASTRA: Knights of Veda,HYBE IM,FLINT,Action,RPG,Free To Play,"RPG, Action RPG, Multiplayer","Dark Fantasy, Souls-like, Fantasy, Story Rich, Anime","Side Scroller, PvE, PvP, Combat","2D, 2.5D",Aug 25 2024,39.99,161073.0,2402463.0,548.0,524.0,4127.0,11980.0,53.0,80340.0,52.0,False,199.0,7196.0,5.0,-18.0
2484250,ASTRA: Knights of Veda,HYBE IM,FLINT,Action,RPG,Free To Play,"RPG, Action RPG, Multiplayer","Dark Fantasy, Souls-like, Fantasy, Story Rich, Anime","Side Scroller, PvE, PvP, Combat","2D, 2.5D",Aug 26 2024,39.99,161268.0,2406837.0,821.0,432.0,4132.0,11986.0,53.0,80243.0,52.0,False,195.0,4374.0,5.0,-97.0
2484250,ASTRA: Knights of Veda,HYBE IM,FLINT,Action,RPG,Free To Play,"RPG, Action RPG, Multiplayer","Dark Fantasy, Souls-like, Fantasy, Story Rich, Anime","Side Scroller, PvE, PvP, Combat","2D, 2.5D",Aug 27 2024,39.99,161387.0,2414341.0,524.0,412.0,4135.0,11984.0,53.0,80272.0,52.0,False,119.0,7504.0,3.0,29.0
2484250,ASTRA: Knights of Veda,HYBE IM,FLINT,Action,RPG,Free To Play,"RPG, Action RPG, Multiplayer","Dark Fantasy, Souls-like, Fantasy, Story Rich, Anime","Side Scroller, PvE, PvP, Combat","2D, 2.5D",Aug 28 2024,39.99,161504.0,2418431.0,906.0,409.0,4138.0,11987.0,53.0,81329.0,54.0,False,117.0,4090.0,3.0,1057.0
2484250,ASTRA: Knights of Veda,HYBE IM,FLINT,Action,RPG,Free To Play,"RPG, Action RPG, Multiplayer","Dark Fantasy, Souls-like, Fantasy, Story Rich, Anime","Side Scroller, PvE, PvP, Combat","2D, 2.5D",Aug 29 2024,39.99,161622.0,2422143.0,997.0,419.0,4141.0,11987.0,53.0,80474.0,56.0,False,118.0,3712.0,3.0,-855.0
2484250,ASTRA: Knights of Veda,HYBE IM,FLINT,Action,RPG,Free To Play,"RPG, Action RPG, Multiplayer","Dark Fantasy, Souls-like, Fantasy, Story Rich, Anime","Side Scroller, PvE, PvP, Combat","2D, 2.5D",Aug 30 2024,39.99,162006.0,2425776.0,1033.0,445.0,4151.0,11987.0,53.0,80439.0,56.0,False,384.0,3633.0,10.0,-35.0
2484250,ASTRA: Knights of Veda,HYBE IM,FLINT,Action,RPG,Free To Play,"RPG, Action RPG, Multiplayer","Dark Fantasy, Souls-like, Fantasy, Story Rich, Anime","Side Scroller, PvE, PvP, Combat","2D, 2.5D",Aug 31 2024,39.99,162129.0,2428991.0,1147.0,449.0,4154.0,11986.0,53.0,80455.0,56.0,False,123.0,3215.0,3.0,16.0
2484250,ASTRA: Knights of Veda,HYBE IM,FLINT,Action,RPG,Free To Play,"RPG, Action RPG, Multiplayer","Dark Fantasy, Souls-like, Fantasy, Story Rich, Anime","Side Scroller, PvE, PvP, Combat","2D, 2.5D",Sep 01 2024,39.99,162208.0,2433084.0,901.0,442.0,4156.0,11989.0,53.0,80408.0,57.0,False,79.0,4093.0,2.0,-47.0
2484250,ASTRA: Knights of Veda,HYBE IM,FLINT,Action,RPG,Free To Play,"RPG, Action RPG, Multiplayer","Dark Fantasy, Souls-like, Fantasy, Story Rich, Anime","Side Scroller, PvE, PvP, Combat","2D, 2.5D",Sep 02 2024,39.99,162211.0,2436304.0,1178.0,396.0,4156.0,11995.0,53.0,80309.0,57.0,False,3.0,3220.0,0.0,-99.0
2484250,ASTRA: Knights of Veda,HYBE IM,FLINT,Action,RPG,Free To Play,"RPG, Action RPG, Multiplayer","Dark Fantasy, Souls-like, Fantasy, Story Rich, Anime","Side Scroller, PvE, PvP, Combat","2D, 2.5D",Sep 03 2024,39.99,162286.0,2438059.0,1658.0,369.0,4158.0,11998.0,53.0,80258.0,57.0,False,75.0,1755.0,2.0,-51.0
2484250,ASTRA: Knights of Veda,HYBE IM,FLINT,Action,RPG,Free To Play,"RPG, Action RPG, Multiplayer","Dark Fantasy, Souls-like, Fantasy, Story Rich, Anime","Side Scroller, PvE, PvP, Combat","2D, 2.5D",Sep 04 2024,39.99,162442.0,2441594.0,1062.0,381.0,4162.0,12003.0,53.0,80175.0,57.0,False,156.0,3535.0,4.0,-83.0
2484250,ASTRA: Knights of Veda,HYBE IM,FLINT,Action,RPG,Free To Play,"RPG, Action RPG, Multiplayer","Dark Fantasy, Souls-like, Fantasy, Story Rich, Anime","Side Scroller, PvE, PvP, Combat","2D, 2.5D",Sep 05 2024,39.99,162483.0,2444612.0,1211.0,370.0,4163.0,12001.0,53.0,80206.0,57.0,False,41.0,3018.0,1.0,31.0
2484250,ASTRA: Knights of Veda,HYBE IM,FLINT,Action,RPG,Free To Play,"RPG, Action RPG, Multiplayer","Dark Fantasy, Souls-like, Fantasy, Story Rich, Anime","Side Scroller, PvE, PvP, Combat","2D, 2.5D",Sep 06 2024,39.99,162484.0,2448370.0,979.0,360.0,4162.0,11999.0,53.0,80239.0,56.0,False,1.0,3758.0,-1.0,33.0
2484250,ASTRA: Knights of Veda,HYBE IM,FLINT,Action,RPG,Free To Play,"RPG, Action RPG, Multiplayer","Dark Fantasy, Souls-like, Fantasy, Story Rich, Anime","Side Scroller, PvE, PvP, Combat","2D, 2.5D",Sep 07 2024,39.99,162522.0,2451392.0,1226.0,382.0,4164.0,11997.0,54.0,80272.0,56.0,False,38.0,3022.0,2.0,33.0
2484250,ASTRA: Knights of Veda,HYBE IM,FLINT,Action,RPG,Free To Play,"RPG, Action RPG, Multiplayer","Dark Fantasy, Souls-like, Fantasy, Story Rich, Anime","Side Scroller, PvE, PvP, Combat","2D, 2.5D",Sep 08 2024,39.99,162675.0,2455055.0,1011.0,383.0,4168.0,11998.0,54.0,79533.0,57.0,False,153.0,3663.0,4.0,-739.0
2484250,ASTRA: Knights of Veda,HYBE IM,FLINT,Action,RPG,Free To Play,"RPG, Action RPG, Multiplayer","Dark Fantasy, Souls-like, Fantasy, Story Rich, Anime","Side Scroller, PvE, PvP, Combat","2D, 2.5D",Sep 09 2024,39.99,162718.0,2457414.0,1404.0,328.0,4169.0,12004.0,54.0,79413.0,58.0,False,43.0,2359.0,1.0,-120.0
2484250,ASTRA: Knights of Veda,HYBE IM,FLINT,Action,RPG,Free To Play,"RPG, Action RPG, Multiplayer","Dark Fantasy, Souls-like, Fantasy, Story Rich, Anime","Side Scroller, PvE, PvP, Combat","2D, 2.5D",Sep 10 2024,39.99,162719.0,2460244.0,1281.0,297.0,4168.0,12008.0,54.0,79344.0,58.0,False,1.0,2830.0,-1.0,-69.0
2484250,ASTRA: Knights of Veda,HYBE IM,FLINT,Action,RPG,Free To Play,"RPG, Action RPG, Multiplayer","Dark Fantasy, Souls-like, Fantasy, Story Rich, Anime","Side Scroller, PvE, PvP, Combat","2D, 2.5D",Sep 11 2024,39.99,162719.0,2462415.0,1463.0,303.0,4165.0,12011.0,54.0,79293.0,58.0,False,0.0,2171.0,-3.0,-51.0
2484250,ASTRA: Knights of Veda,HYBE IM,FLINT,Action,RPG,Free To Play,"RPG, Action RPG, Multiplayer","Dark Fantasy, Souls-like, Fantasy, Story Rich, Anime","Side Scroller, PvE, PvP, Combat","2D, 2.5D",Sep 12 2024,39.99,162719.0,2466814.0,809.0,664.0,4168.0,12011.0,54.0,79292.0,58.0,False,0.0,4399.0,3.0,-1.0
2484250,ASTRA: Knights of Veda,HYBE IM,FLINT,Action,RPG,Free To Play,"RPG, Action RPG, Multiplayer","Dark Fantasy, Souls-like, Fantasy, Story Rich, Anime","Side Scroller, PvE, PvP, Combat","2D, 2.5D",Sep 13 2024,39.99,162870.0,2483078.0,343.0,602.0,4177.0,12010.0,54.0,79308.0,55.0,False,151.0,16264.0,9.0,16.0
2484250,ASTRA: Knights of Veda,HYBE IM,FLINT,Action,RPG,Free To Play,"RPG, Action RPG, Multiplayer","Dark Fantasy, Souls-like, Fantasy, Story Rich, Anime","Side Scroller, PvE, PvP, Combat","2D, 2.5D",Sep 14 2024,39.99,162875.0,2490284.0,552.0,615.0,4178.0,12011.0,54.0,79292.0,57.0,False,5.0,7206.0,1.0,-16.0
2484250,ASTRA: Knights of Veda,HYBE IM,FLINT,Action,RPG,Free To Play,"RPG, Action RPG, Multiplayer","Dark Fantasy, Souls-like, Fantasy, Story Rich, Anime","Side Scroller, PvE, PvP, Combat","2D, 2.5D",Sep 15 2024,31.99,,,,,,,,,,False,0.0,0.0,0.0,0.0
