steam Id,title,publishers,developers,genre_1,genre_2,genre_3,tag game type,tag style,tag mechanics,tag perspective,date,price,copies sold,revenue,top seller rank,ccu,reviews,followers,average playtime,outstanding wishlist,positive reviews,free game,daily copies sold,daily revenue,daily reviews,daily outstanding wishlist
2622000,Astral Party ,Neverland Entertainment,STAR ENGINE PROJECT,Casual,Indie,RPG,"Strategy, RPG, Card Game, Multiplayer","Anime, Cute, Comedy","PvP, Turn-Based",2D,Jan 02 2024,39.99,0.0,0.0,,0.0,0.0,763.0,,16901.0,,False,0.0,0.0,0.0,0.0
2622000,Astral Party ,Neverland Entertainment,STAR ENGINE PROJECT,Casual,Indie,RPG,"Strategy, RPG, Card Game, Multiplayer","Anime, Cute, Comedy","PvP, Turn-Based",2D,Jan 03 2024,39.99,0.0,0.0,,0.0,0.0,767.0,,16995.0,,False,0.0,0.0,0.0,94.0
2622000,Astral Party ,Neverland Entertainment,STAR ENGINE PROJECT,Casual,Indie,RPG,"Strategy, RPG, Card Game, Multiplayer","Anime, Cute, Comedy","PvP, Turn-Based",2D,Jan 04 2024,39.99,0.0,0.0,,0.0,0.0,769.0,,17056.0,,False,0.0,0.0,0.0,61.0
2622000,Astral Party ,Neverland Entertainment,STAR ENGINE PROJECT,Casual,Indie,RPG,"Strategy, RPG, Card Game, Multiplayer","Anime, Cute, Comedy","PvP, Turn-Based",2D,Jan 05 2024,39.99,0.0,0.0,,0.0,0.0,780.0,,17283.0,,False,0.0,0.0,0.0,227.0
2622000,Astral Party ,Neverland Entertainment,STAR ENGINE PROJECT,Casual,Indie,RPG,"Strategy, RPG, Card Game, Multiplayer","Anime, Cute, Comedy","PvP, Turn-Based",2D,Jan 06 2024,39.99,0.0,0.0,,0.0,0.0,795.0,,17622.0,,False,0.0,0.0,0.0,339.0
2622000,Astral Party ,Neverland Entertainment,STAR ENGINE PROJECT,Casual,Indie,RPG,"Strategy, RPG, Card Game, Multiplayer","Anime, Cute, Comedy","PvP, Turn-Based",2D,Jan 07 2024,39.99,0.0,0.0,,0.0,0.0,807.0,,17893.0,,False,0.0,0.0,0.0,271.0
2622000,Astral Party ,Neverland Entertainment,STAR ENGINE PROJECT,Casual,Indie,RPG,"Strategy, RPG, Card Game, Multiplayer","Anime, Cute, Comedy","PvP, Turn-Based",2D,Jan 08 2024,39.99,0.0,0.0,,0.0,0.0,812.0,,17988.0,,False,0.0,0.0,0.0,95.0
2622000,Astral Party ,Neverland Entertainment,STAR ENGINE PROJECT,Casual,Indie,RPG,"Strategy, RPG, Card Game, Multiplayer","Anime, Cute, Comedy","PvP, Turn-Based",2D,Jan 09 2024,39.99,0.0,0.0,,0.0,0.0,826.0,,18316.0,,False,0.0,0.0,0.0,328.0
2622000,Astral Party ,Neverland Entertainment,STAR ENGINE PROJECT,Casual,Indie,RPG,"Strategy, RPG, Card Game, Multiplayer","Anime, Cute, Comedy","PvP, Turn-Based",2D,Jan 10 2024,39.99,0.0,0.0,,0.0,0.0,847.0,,18768.0,,False,0.0,0.0,0.0,452.0
2622000,Astral Party ,Neverland Entertainment,STAR ENGINE PROJECT,Casual,Indie,RPG,"Strategy, RPG, Card Game, Multiplayer","Anime, Cute, Comedy","PvP, Turn-Based",2D,Jan 11 2024,39.99,0.0,0.0,,0.0,0.0,857.0,,19001.0,,False,0.0,0.0,0.0,233.0
2622000,Astral Party ,Neverland Entertainment,STAR ENGINE PROJECT,Casual,Indie,RPG,"Strategy, RPG, Card Game, Multiplayer","Anime, Cute, Comedy","PvP, Turn-Based",2D,Jan 12 2024,39.99,0.0,0.0,,0.0,0.0,864.0,,19140.0,,False,0.0,0.0,0.0,139.0
2622000,Astral Party ,Neverland Entertainment,STAR ENGINE PROJECT,Casual,Indie,RPG,"Strategy, RPG, Card Game, Multiplayer","Anime, Cute, Comedy","PvP, Turn-Based",2D,Jan 13 2024,39.99,0.0,0.0,,0.0,0.0,867.0,,19206.0,,False,0.0,0.0,0.0,66.0
2622000,Astral Party ,Neverland Entertainment,STAR ENGINE PROJECT,Casual,Indie,RPG,"Strategy, RPG, Card Game, Multiplayer","Anime, Cute, Comedy","PvP, Turn-Based",2D,Jan 14 2024,39.99,0.0,0.0,,0.0,0.0,871.0,,19301.0,,False,0.0,0.0,0.0,95.0
2622000,Astral Party ,Neverland Entertainment,STAR ENGINE PROJECT,Casual,Indie,RPG,"Strategy, RPG, Card Game, Multiplayer","Anime, Cute, Comedy","PvP, Turn-Based",2D,Jan 15 2024,39.99,0.0,0.0,,0.0,0.0,877.0,,19445.0,,False,0.0,0.0,0.0,144.0
2622000,Astral Party ,Neverland Entertainment,STAR ENGINE PROJECT,Casual,Indie,RPG,"Strategy, RPG, Card Game, Multiplayer","Anime, Cute, Comedy","PvP, Turn-Based",2D,Jan 16 2024,39.99,0.0,0.0,,0.0,0.0,881.0,,19517.0,,False,0.0,0.0,0.0,72.0
2622000,Astral Party ,Neverland Entertainment,STAR ENGINE PROJECT,Casual,Indie,RPG,"Strategy, RPG, Card Game, Multiplayer","Anime, Cute, Comedy","PvP, Turn-Based",2D,Jan 17 2024,39.99,0.0,0.0,,0.0,0.0,966.0,,21415.0,,False,0.0,0.0,0.0,1898.0
2622000,Astral Party ,Neverland Entertainment,STAR ENGINE PROJECT,Casual,Indie,RPG,"Strategy, RPG, Card Game, Multiplayer","Anime, Cute, Comedy","PvP, Turn-Based",2D,Jan 18 2024,39.99,0.0,0.0,,0.0,0.0,1136.0,,25171.0,,False,0.0,0.0,0.0,3756.0
2622000,Astral Party ,Neverland Entertainment,STAR ENGINE PROJECT,Casual,Indie,RPG,"Strategy, RPG, Card Game, Multiplayer","Anime, Cute, Comedy","PvP, Turn-Based",2D,Jan 19 2024,39.99,0.0,0.0,,0.0,0.0,1319.0,,29235.0,,False,0.0,0.0,0.0,4064.0
2622000,Astral Party ,Neverland Entertainment,STAR ENGINE PROJECT,Casual,Indie,RPG,"Strategy, RPG, Card Game, Multiplayer","Anime, Cute, Comedy","PvP, Turn-Based",2D,Jan 20 2024,39.99,0.0,0.0,,0.0,0.0,1457.0,,32300.0,,False,0.0,0.0,0.0,3065.0
2622000,Astral Party ,Neverland Entertainment,STAR ENGINE PROJECT,Casual,Indie,RPG,"Strategy, RPG, Card Game, Multiplayer","Anime, Cute, Comedy","PvP, Turn-Based",2D,Jan 21 2024,39.99,0.0,0.0,,0.0,0.0,1571.0,,34824.0,,False,0.0,0.0,0.0,2524.0
2622000,Astral Party ,Neverland Entertainment,STAR ENGINE PROJECT,Casual,Indie,RPG,"Strategy, RPG, Card Game, Multiplayer","Anime, Cute, Comedy","PvP, Turn-Based",2D,Jan 22 2024,39.99,0.0,0.0,,0.0,0.0,1664.0,,36876.0,,False,0.0,0.0,0.0,2052.0
2622000,Astral Party ,Neverland Entertainment,STAR ENGINE PROJECT,Casual,Indie,RPG,"Strategy, RPG, Card Game, Multiplayer","Anime, Cute, Comedy","PvP, Turn-Based",2D,Jan 23 2024,39.99,0.0,0.0,,0.0,0.0,1741.0,,38599.0,,False,0.0,0.0,0.0,1723.0
2622000,Astral Party ,Neverland Entertainment,STAR ENGINE PROJECT,Casual,Indie,RPG,"Strategy, RPG, Card Game, Multiplayer","Anime, Cute, Comedy","PvP, Turn-Based",2D,Jan 24 2024,39.99,0.0,0.0,,0.0,0.0,1802.0,,39946.0,,False,0.0,0.0,0.0,1347.0
2622000,Astral Party ,Neverland Entertainment,STAR ENGINE PROJECT,Casual,Indie,RPG,"Strategy, RPG, Card Game, Multiplayer","Anime, Cute, Comedy","PvP, Turn-Based",2D,Jan 25 2024,39.99,0.0,0.0,,0.0,0.0,1858.0,,41190.0,,False,0.0,0.0,0.0,1244.0
2622000,Astral Party ,Neverland Entertainment,STAR ENGINE PROJECT,Casual,Indie,RPG,"Strategy, RPG, Card Game, Multiplayer","Anime, Cute, Comedy","PvP, Turn-Based",2D,Jan 26 2024,39.99,0.0,0.0,,0.0,0.0,1917.0,,42480.0,,False,0.0,0.0,0.0,1290.0
2622000,Astral Party ,Neverland Entertainment,STAR ENGINE PROJECT,Casual,Indie,RPG,"Strategy, RPG, Card Game, Multiplayer","Anime, Cute, Comedy","PvP, Turn-Based",2D,Jan 27 2024,39.99,0.0,0.0,,0.0,0.0,1972.0,,43703.0,,False,0.0,0.0,0.0,1223.0
2622000,Astral Party ,Neverland Entertainment,STAR ENGINE PROJECT,Casual,Indie,RPG,"Strategy, RPG, Card Game, Multiplayer","Anime, Cute, Comedy","PvP, Turn-Based",2D,Jan 28 2024,39.99,0.0,0.0,,0.0,0.0,2017.0,,44700.0,,False,0.0,0.0,0.0,997.0
2622000,Astral Party ,Neverland Entertainment,STAR ENGINE PROJECT,Casual,Indie,RPG,"Strategy, RPG, Card Game, Multiplayer","Anime, Cute, Comedy","PvP, Turn-Based",2D,Jan 29 2024,39.99,0.0,0.0,,0.0,0.0,2064.0,,45747.0,,False,0.0,0.0,0.0,1047.0
2622000,Astral Party ,Neverland Entertainment,STAR ENGINE PROJECT,Casual,Indie,RPG,"Strategy, RPG, Card Game, Multiplayer","Anime, Cute, Comedy","PvP, Turn-Based",2D,Jan 30 2024,39.99,0.0,0.0,,0.0,0.0,2106.0,,46679.0,,False,0.0,0.0,0.0,932.0
2622000,Astral Party ,Neverland Entertainment,STAR ENGINE PROJECT,Casual,Indie,RPG,"Strategy, RPG, Card Game, Multiplayer","Anime, Cute, Comedy","PvP, Turn-Based",2D,Jan 31 2024,39.99,0.0,0.0,,0.0,0.0,2144.0,,47532.0,,False,0.0,0.0,0.0,853.0
2622000,Astral Party ,Neverland Entertainment,STAR ENGINE PROJECT,Casual,Indie,RPG,"Strategy, RPG, Card Game, Multiplayer","Anime, Cute, Comedy","PvP, Turn-Based",2D,Feb 01 2024,39.99,0.0,0.0,,0.0,0.0,2167.0,,48027.0,,False,0.0,0.0,0.0,495.0
2622000,Astral Party ,Neverland Entertainment,STAR ENGINE PROJECT,Casual,Indie,RPG,"Strategy, RPG, Card Game, Multiplayer","Anime, Cute, Comedy","PvP, Turn-Based",2D,Feb 02 2024,39.99,0.0,0.0,,0.0,0.0,2191.0,,48555.0,,False,0.0,0.0,0.0,528.0
2622000,Astral Party ,Neverland Entertainment,STAR ENGINE PROJECT,Casual,Indie,RPG,"Strategy, RPG, Card Game, Multiplayer","Anime, Cute, Comedy","PvP, Turn-Based",2D,Feb 03 2024,39.99,0.0,0.0,,0.0,0.0,2225.0,,49315.0,,False,0.0,0.0,0.0,760.0
2622000,Astral Party ,Neverland Entertainment,STAR ENGINE PROJECT,Casual,Indie,RPG,"Strategy, RPG, Card Game, Multiplayer","Anime, Cute, Comedy","PvP, Turn-Based",2D,Feb 04 2024,39.99,0.0,0.0,,0.0,0.0,2246.0,,49784.0,,False,0.0,0.0,0.0,469.0
2622000,Astral Party ,Neverland Entertainment,STAR ENGINE PROJECT,Casual,Indie,RPG,"Strategy, RPG, Card Game, Multiplayer","Anime, Cute, Comedy","PvP, Turn-Based",2D,Feb 05 2024,39.99,0.0,0.0,,0.0,0.0,2294.0,,50838.0,,False,0.0,0.0,0.0,1054.0
2622000,Astral Party ,Neverland Entertainment,STAR ENGINE PROJECT,Casual,Indie,RPG,"Strategy, RPG, Card Game, Multiplayer","Anime, Cute, Comedy","PvP, Turn-Based",2D,Feb 06 2024,39.99,0.0,0.0,,0.0,0.0,2495.0,,55295.0,,False,0.0,0.0,0.0,4457.0
2622000,Astral Party ,Neverland Entertainment,STAR ENGINE PROJECT,Casual,Indie,RPG,"Strategy, RPG, Card Game, Multiplayer","Anime, Cute, Comedy","PvP, Turn-Based",2D,Feb 07 2024,39.99,0.0,0.0,,0.0,0.0,2795.0,,61959.0,,False,0.0,0.0,0.0,6664.0
2622000,Astral Party ,Neverland Entertainment,STAR ENGINE PROJECT,Casual,Indie,RPG,"Strategy, RPG, Card Game, Multiplayer","Anime, Cute, Comedy","PvP, Turn-Based",2D,Feb 08 2024,39.99,0.0,0.0,,0.0,0.0,3028.0,,67120.0,,False,0.0,0.0,0.0,5161.0
2622000,Astral Party ,Neverland Entertainment,STAR ENGINE PROJECT,Casual,Indie,RPG,"Strategy, RPG, Card Game, Multiplayer","Anime, Cute, Comedy","PvP, Turn-Based",2D,Feb 09 2024,39.99,0.0,0.0,,0.0,0.0,3204.0,,71011.0,,False,0.0,0.0,0.0,3891.0
2622000,Astral Party ,Neverland Entertainment,STAR ENGINE PROJECT,Casual,Indie,RPG,"Strategy, RPG, Card Game, Multiplayer","Anime, Cute, Comedy","PvP, Turn-Based",2D,Feb 10 2024,39.99,0.0,0.0,,0.0,0.0,3434.0,,76109.0,,False,0.0,0.0,0.0,5098.0
2622000,Astral Party ,Neverland Entertainment,STAR ENGINE PROJECT,Casual,Indie,RPG,"Strategy, RPG, Card Game, Multiplayer","Anime, Cute, Comedy","PvP, Turn-Based",2D,Feb 11 2024,39.99,0.0,0.0,,0.0,0.0,3697.0,,81943.0,,False,0.0,0.0,0.0,5834.0
2622000,Astral Party ,Neverland Entertainment,STAR ENGINE PROJECT,Casual,Indie,RPG,"Strategy, RPG, Card Game, Multiplayer","Anime, Cute, Comedy","PvP, Turn-Based",2D,Feb 12 2024,39.99,0.0,0.0,,0.0,0.0,3992.0,,88492.0,,False,0.0,0.0,0.0,6549.0
2622000,Astral Party ,Neverland Entertainment,STAR ENGINE PROJECT,Casual,Indie,RPG,"Strategy, RPG, Card Game, Multiplayer","Anime, Cute, Comedy","PvP, Turn-Based",2D,Feb 13 2024,39.99,0.0,0.0,,0.0,0.0,4256.0,,94340.0,,False,0.0,0.0,0.0,5848.0
2622000,Astral Party ,Neverland Entertainment,STAR ENGINE PROJECT,Casual,Indie,RPG,"Strategy, RPG, Card Game, Multiplayer","Anime, Cute, Comedy","PvP, Turn-Based",2D,Feb 14 2024,39.99,0.0,0.0,,0.0,0.0,4462.0,,98898.0,,False,0.0,0.0,0.0,4558.0
2622000,Astral Party ,Neverland Entertainment,STAR ENGINE PROJECT,Casual,Indie,RPG,"Strategy, RPG, Card Game, Multiplayer","Anime, Cute, Comedy","PvP, Turn-Based",2D,Feb 15 2024,39.99,0.0,0.0,,0.0,0.0,4650.0,,103069.0,,False,0.0,0.0,0.0,4171.0
2622000,Astral Party ,Neverland Entertainment,STAR ENGINE PROJECT,Casual,Indie,RPG,"Strategy, RPG, Card Game, Multiplayer","Anime, Cute, Comedy","PvP, Turn-Based",2D,Feb 16 2024,39.99,0.0,0.0,,0.0,0.0,4847.0,,107427.0,,False,0.0,0.0,0.0,4358.0
2622000,Astral Party ,Neverland Entertainment,STAR ENGINE PROJECT,Casual,Indie,RPG,"Strategy, RPG, Card Game, Multiplayer","Anime, Cute, Comedy","PvP, Turn-Based",2D,Feb 17 2024,39.99,0.0,0.0,,0.0,0.0,5054.0,,112017.0,,False,0.0,0.0,0.0,4590.0
2622000,Astral Party ,Neverland Entertainment,STAR ENGINE PROJECT,Casual,Indie,RPG,"Strategy, RPG, Card Game, Multiplayer","Anime, Cute, Comedy","PvP, Turn-Based",2D,Feb 18 2024,39.99,0.0,0.0,,0.0,0.0,5282.0,,117072.0,,False,0.0,0.0,0.0,5055.0
2622000,Astral Party ,Neverland Entertainment,STAR ENGINE PROJECT,Casual,Indie,RPG,"Strategy, RPG, Card Game, Multiplayer","Anime, Cute, Comedy","PvP, Turn-Based",2D,Feb 19 2024,39.99,0.0,0.0,,0.0,0.0,5516.0,,122265.0,,False,0.0,0.0,0.0,5193.0
2622000,Astral Party ,Neverland Entertainment,STAR ENGINE PROJECT,Casual,Indie,RPG,"Strategy, RPG, Card Game, Multiplayer","Anime, Cute, Comedy","PvP, Turn-Based",2D,Feb 20 2024,39.99,0.0,0.0,,0.0,0.0,5754.0,,127543.0,,False,0.0,0.0,0.0,5278.0
2622000,Astral Party ,Neverland Entertainment,STAR ENGINE PROJECT,Casual,Indie,RPG,"Strategy, RPG, Card Game, Multiplayer","Anime, Cute, Comedy","PvP, Turn-Based",2D,Feb 21 2024,39.99,0.0,0.0,,0.0,0.0,5938.0,,131608.0,,False,0.0,0.0,0.0,4065.0
2622000,Astral Party ,Neverland Entertainment,STAR ENGINE PROJECT,Casual,Indie,RPG,"Strategy, RPG, Card Game, Multiplayer","Anime, Cute, Comedy","PvP, Turn-Based",2D,Feb 22 2024,39.99,0.0,0.0,,0.0,0.0,6077.0,,134688.0,,False,0.0,0.0,0.0,3080.0
2622000,Astral Party ,Neverland Entertainment,STAR ENGINE PROJECT,Casual,Indie,RPG,"Strategy, RPG, Card Game, Multiplayer","Anime, Cute, Comedy","PvP, Turn-Based",2D,Feb 23 2024,39.99,0.0,0.0,,0.0,0.0,6491.0,,143868.0,,False,0.0,0.0,0.0,9180.0
2622000,Astral Party ,Neverland Entertainment,STAR ENGINE PROJECT,Casual,Indie,RPG,"Strategy, RPG, Card Game, Multiplayer","Anime, Cute, Comedy","PvP, Turn-Based",2D,Feb 24 2024,39.99,0.0,0.0,,0.0,0.0,6871.0,,152291.0,,False,0.0,0.0,0.0,8423.0
2622000,Astral Party ,Neverland Entertainment,STAR ENGINE PROJECT,Casual,Indie,RPG,"Strategy, RPG, Card Game, Multiplayer","Anime, Cute, Comedy","PvP, Turn-Based",2D,Feb 25 2024,39.99,0.0,0.0,,0.0,0.0,7136.0,,158180.0,,False,0.0,0.0,0.0,5889.0
2622000,Astral Party ,Neverland Entertainment,STAR ENGINE PROJECT,Casual,Indie,RPG,"Strategy, RPG, Card Game, Multiplayer","Anime, Cute, Comedy","PvP, Turn-Based",2D,Feb 26 2024,39.99,0.0,0.0,,0.0,0.0,7329.0,,162441.0,,False,0.0,0.0,0.0,4261.0
2622000,Astral Party ,Neverland Entertainment,STAR ENGINE PROJECT,Casual,Indie,RPG,"Strategy, RPG, Card Game, Multiplayer","Anime, Cute, Comedy","PvP, Turn-Based",2D,Feb 27 2024,39.99,0.0,0.0,,0.0,0.0,7604.0,,168546.0,,False,0.0,0.0,0.0,6105.0
2622000,Astral Party ,Neverland Entertainment,STAR ENGINE PROJECT,Casual,Indie,RPG,"Strategy, RPG, Card Game, Multiplayer","Anime, Cute, Comedy","PvP, Turn-Based",2D,Feb 28 2024,39.99,0.0,0.0,,0.0,0.0,8152.0,,180686.0,,False,0.0,0.0,0.0,12140.0
2622000,Astral Party ,Neverland Entertainment,STAR ENGINE PROJECT,Casual,Indie,RPG,"Strategy, RPG, Card Game, Multiplayer","Anime, Cute, Comedy","PvP, Turn-Based",2D,Feb 29 2024,39.99,5626.0,39231.0,,9102.0,120.0,9253.0,,170314.0,,False,5626.0,39231.0,120.0,-10372.0
2622000,Astral Party ,Neverland Entertainment,STAR ENGINE PROJECT,Casual,Indie,RPG,"Strategy, RPG, Card Game, Multiplayer","Anime, Cute, Comedy","PvP, Turn-Based",2D,Mar 01 2024,39.99,57482.0,69830.0,117.0,12698.0,1226.0,9923.0,39.0,160506.0,62.0,False,51856.0,30599.0,1106.0,-9808.0
2622000,Astral Party ,Neverland Entertainment,STAR ENGINE PROJECT,Casual,Indie,RPG,"Strategy, RPG, Card Game, Multiplayer","Anime, Cute, Comedy","PvP, Turn-Based",2D,Mar 02 2024,39.99,124194.0,93207.0,138.0,13446.0,2649.0,10396.0,15.0,153575.0,47.0,False,66712.0,23377.0,1423.0,-6931.0
2622000,Astral Party ,Neverland Entertainment,STAR ENGINE PROJECT,Casual,Indie,RPG,"Strategy, RPG, Card Game, Multiplayer","Anime, Cute, Comedy","PvP, Turn-Based",2D,Mar 03 2024,39.99,171684.0,130885.0,157.0,10719.0,3661.0,10757.0,9.0,148293.0,43.0,False,47490.0,37678.0,1012.0,-5282.0
2622000,Astral Party ,Neverland Entertainment,STAR ENGINE PROJECT,Casual,Indie,RPG,"Strategy, RPG, Card Game, Multiplayer","Anime, Cute, Comedy","PvP, Turn-Based",2D,Mar 04 2024,39.99,209546.0,179195.0,127.0,9422.0,4469.0,11018.0,9.0,144471.0,43.0,False,37862.0,48310.0,808.0,-3822.0
2622000,Astral Party ,Neverland Entertainment,STAR ENGINE PROJECT,Casual,Indie,RPG,"Strategy, RPG, Card Game, Multiplayer","Anime, Cute, Comedy","PvP, Turn-Based",2D,Mar 05 2024,39.99,232073.0,225863.0,141.0,8420.0,4949.0,11229.0,10.0,141372.0,43.0,False,22527.0,46668.0,480.0,-3099.0
2622000,Astral Party ,Neverland Entertainment,STAR ENGINE PROJECT,Casual,Indie,RPG,"Strategy, RPG, Card Game, Multiplayer","Anime, Cute, Comedy","PvP, Turn-Based",2D,Mar 06 2024,39.99,246147.0,264757.0,176.0,6913.0,5249.0,11394.0,10.0,138958.0,44.0,False,14074.0,38894.0,300.0,-2414.0
2622000,Astral Party ,Neverland Entertainment,STAR ENGINE PROJECT,Casual,Indie,RPG,"Strategy, RPG, Card Game, Multiplayer","Anime, Cute, Comedy","PvP, Turn-Based",2D,Mar 07 2024,39.99,257402.0,293373.0,218.0,5456.0,5489.0,11519.0,10.0,137134.0,44.0,False,11255.0,28616.0,240.0,-1824.0
2622000,Astral Party ,Neverland Entertainment,STAR ENGINE PROJECT,Casual,Indie,RPG,"Strategy, RPG, Card Game, Multiplayer","Anime, Cute, Comedy","PvP, Turn-Based",2D,Mar 08 2024,39.99,265450.0,313341.0,290.0,4341.0,5661.0,11616.0,11.0,135709.0,44.0,False,8048.0,19968.0,172.0,-1425.0
2622000,Astral Party ,Neverland Entertainment,STAR ENGINE PROJECT,Casual,Indie,RPG,"Strategy, RPG, Card Game, Multiplayer","Anime, Cute, Comedy","PvP, Turn-Based",2D,Mar 09 2024,39.99,275138.0,332038.0,298.0,5709.0,5868.0,11730.0,11.0,134037.0,45.0,False,9688.0,18697.0,207.0,-1672.0
2622000,Astral Party ,Neverland Entertainment,STAR ENGINE PROJECT,Casual,Indie,RPG,"Strategy, RPG, Card Game, Multiplayer","Anime, Cute, Comedy","PvP, Turn-Based",2D,Mar 10 2024,39.99,285001.0,347884.0,341.0,5185.0,6078.0,11840.0,11.0,132435.0,46.0,False,9863.0,15846.0,210.0,-1602.0
2622000,Astral Party ,Neverland Entertainment,STAR ENGINE PROJECT,Casual,Indie,RPG,"Strategy, RPG, Card Game, Multiplayer","Anime, Cute, Comedy","PvP, Turn-Based",2D,Mar 11 2024,39.99,293248.0,363453.0,352.0,3950.0,6254.0,11926.0,11.0,131167.0,46.0,False,8247.0,15569.0,176.0,-1268.0
2622000,Astral Party ,Neverland Entertainment,STAR ENGINE PROJECT,Casual,Indie,RPG,"Strategy, RPG, Card Game, Multiplayer","Anime, Cute, Comedy","PvP, Turn-Based",2D,Mar 12 2024,39.99,299918.0,376901.0,380.0,3459.0,6396.0,12001.0,12.0,130075.0,46.0,False,6670.0,13448.0,142.0,-1092.0
2622000,Astral Party ,Neverland Entertainment,STAR ENGINE PROJECT,Casual,Indie,RPG,"Strategy, RPG, Card Game, Multiplayer","Anime, Cute, Comedy","PvP, Turn-Based",2D,Mar 13 2024,39.99,305625.0,389730.0,388.0,3395.0,6518.0,12076.0,12.0,128983.0,46.0,False,5707.0,12829.0,122.0,-1092.0
2622000,Astral Party ,Neverland Entertainment,STAR ENGINE PROJECT,Casual,Indie,RPG,"Strategy, RPG, Card Game, Multiplayer","Anime, Cute, Comedy","PvP, Turn-Based",2D,Mar 14 2024,39.99,310227.0,417654.0,441.0,2542.0,6616.0,12146.0,12.0,127954.0,46.0,False,4602.0,27924.0,98.0,-1029.0
2622000,Astral Party ,Neverland Entertainment,STAR ENGINE PROJECT,Casual,Indie,RPG,"Strategy, RPG, Card Game, Multiplayer","Anime, Cute, Comedy","PvP, Turn-Based",2D,Mar 15 2024,39.99,313729.0,422889.0,760.0,2139.0,6691.0,12205.0,12.0,127084.0,46.0,False,3502.0,5235.0,75.0,-870.0
2622000,Astral Party ,Neverland Entertainment,STAR ENGINE PROJECT,Casual,Indie,RPG,"Strategy, RPG, Card Game, Multiplayer","Anime, Cute, Comedy","PvP, Turn-Based",2D,Mar 16 2024,39.99,319014.0,426671.0,974.0,3035.0,6803.0,12261.0,12.0,126274.0,46.0,False,5285.0,3782.0,112.0,-810.0
2622000,Astral Party ,Neverland Entertainment,STAR ENGINE PROJECT,Casual,Indie,RPG,"Strategy, RPG, Card Game, Multiplayer","Anime, Cute, Comedy","PvP, Turn-Based",2D,Mar 17 2024,39.99,324380.0,430106.0,1086.0,3054.0,6918.0,12308.0,12.0,125585.0,46.0,False,5366.0,3435.0,115.0,-689.0
2622000,Astral Party ,Neverland Entertainment,STAR ENGINE PROJECT,Casual,Indie,RPG,"Strategy, RPG, Card Game, Multiplayer","Anime, Cute, Comedy","PvP, Turn-Based",2D,Mar 18 2024,39.99,329216.0,433901.0,978.0,2339.0,7021.0,12349.0,12.0,124973.0,47.0,False,4836.0,3795.0,103.0,-612.0
2622000,Astral Party ,Neverland Entertainment,STAR ENGINE PROJECT,Casual,Indie,RPG,"Strategy, RPG, Card Game, Multiplayer","Anime, Cute, Comedy","PvP, Turn-Based",2D,Mar 19 2024,39.99,332620.0,437483.0,1042.0,2011.0,7094.0,12384.0,12.0,124465.0,47.0,False,3404.0,3582.0,73.0,-508.0
2622000,Astral Party ,Neverland Entertainment,STAR ENGINE PROJECT,Casual,Indie,RPG,"Strategy, RPG, Card Game, Multiplayer","Anime, Cute, Comedy","PvP, Turn-Based",2D,Mar 20 2024,39.99,336312.0,441070.0,1038.0,1735.0,7172.0,12415.0,12.0,124015.0,47.0,False,3692.0,3587.0,78.0,-450.0
2622000,Astral Party ,Neverland Entertainment,STAR ENGINE PROJECT,Casual,Indie,RPG,"Strategy, RPG, Card Game, Multiplayer","Anime, Cute, Comedy","PvP, Turn-Based",2D,Mar 21 2024,39.99,338631.0,443342.0,1460.0,1404.0,7222.0,12447.0,12.0,123552.0,47.0,False,2319.0,2272.0,50.0,-463.0
2622000,Astral Party ,Neverland Entertainment,STAR ENGINE PROJECT,Casual,Indie,RPG,"Strategy, RPG, Card Game, Multiplayer","Anime, Cute, Comedy","PvP, Turn-Based",2D,Mar 22 2024,39.99,340734.0,446350.0,1223.0,1526.0,7267.0,12469.0,12.0,123225.0,47.0,False,2103.0,3008.0,45.0,-327.0
2622000,Astral Party ,Neverland Entertainment,STAR ENGINE PROJECT,Casual,Indie,RPG,"Strategy, RPG, Card Game, Multiplayer","Anime, Cute, Comedy","PvP, Turn-Based",2D,Mar 23 2024,39.99,343348.0,452162.0,695.0,2252.0,7322.0,12509.0,13.0,122641.0,48.0,False,2614.0,5812.0,55.0,-584.0
2622000,Astral Party ,Neverland Entertainment,STAR ENGINE PROJECT,Casual,Indie,RPG,"Strategy, RPG, Card Game, Multiplayer","Anime, Cute, Comedy","PvP, Turn-Based",2D,Mar 24 2024,39.99,346705.0,458741.0,574.0,2071.0,7394.0,12575.0,13.0,121676.0,48.0,False,3357.0,6579.0,72.0,-965.0
2622000,Astral Party ,Neverland Entertainment,STAR ENGINE PROJECT,Casual,Indie,RPG,"Strategy, RPG, Card Game, Multiplayer","Anime, Cute, Comedy","PvP, Turn-Based",2D,Mar 25 2024,39.99,350291.0,463875.0,698.0,1584.0,7470.0,12626.0,13.0,120918.0,48.0,False,3586.0,5134.0,76.0,-758.0
2622000,Astral Party ,Neverland Entertainment,STAR ENGINE PROJECT,Casual,Indie,RPG,"Strategy, RPG, Card Game, Multiplayer","Anime, Cute, Comedy","PvP, Turn-Based",2D,Mar 26 2024,39.99,353269.0,469342.0,662.0,1350.0,7534.0,12658.0,13.0,120462.0,48.0,False,2978.0,5467.0,64.0,-456.0
2622000,Astral Party ,Neverland Entertainment,STAR ENGINE PROJECT,Casual,Indie,RPG,"Strategy, RPG, Card Game, Multiplayer","Anime, Cute, Comedy","PvP, Turn-Based",2D,Mar 27 2024,39.99,355707.0,474201.0,729.0,1067.0,7586.0,12688.0,13.0,120009.0,48.0,False,2438.0,4859.0,52.0,-453.0
2622000,Astral Party ,Neverland Entertainment,STAR ENGINE PROJECT,Casual,Indie,RPG,"Strategy, RPG, Card Game, Multiplayer","Anime, Cute, Comedy","PvP, Turn-Based",2D,Mar 28 2024,39.99,358125.0,478351.0,884.0,998.0,7637.0,12723.0,13.0,119506.0,48.0,False,2418.0,4150.0,51.0,-503.0
2622000,Astral Party ,Neverland Entertainment,STAR ENGINE PROJECT,Casual,Indie,RPG,"Strategy, RPG, Card Game, Multiplayer","Anime, Cute, Comedy","PvP, Turn-Based",2D,Mar 29 2024,39.99,359855.0,487784.0,529.0,1738.0,7674.0,12754.0,13.0,119051.0,48.0,False,1730.0,9433.0,37.0,-455.0
2622000,Astral Party ,Neverland Entertainment,STAR ENGINE PROJECT,Casual,Indie,RPG,"Strategy, RPG, Card Game, Multiplayer","Anime, Cute, Comedy","PvP, Turn-Based",2D,Mar 30 2024,39.99,363128.0,502073.0,367.0,2336.0,7744.0,12791.0,13.0,118506.0,48.0,False,3273.0,14289.0,70.0,-545.0
2622000,Astral Party ,Neverland Entertainment,STAR ENGINE PROJECT,Casual,Indie,RPG,"Strategy, RPG, Card Game, Multiplayer","Anime, Cute, Comedy","PvP, Turn-Based",2D,Mar 31 2024,39.99,366493.0,514150.0,404.0,2027.0,7816.0,12842.0,13.0,117760.0,50.0,False,3365.0,12077.0,72.0,-746.0
2622000,Astral Party ,Neverland Entertainment,STAR ENGINE PROJECT,Casual,Indie,RPG,"Strategy, RPG, Card Game, Multiplayer","Anime, Cute, Comedy","PvP, Turn-Based",2D,Apr 01 2024,39.99,369061.0,522553.0,491.0,1728.0,7871.0,12882.0,13.0,117180.0,51.0,False,2568.0,8403.0,55.0,-580.0
2622000,Astral Party ,Neverland Entertainment,STAR ENGINE PROJECT,Casual,Indie,RPG,"Strategy, RPG, Card Game, Multiplayer","Anime, Cute, Comedy","PvP, Turn-Based",2D,Apr 02 2024,39.99,371190.0,529769.0,539.0,1660.0,7916.0,12914.0,13.0,116712.0,52.0,False,2129.0,7216.0,45.0,-468.0
2622000,Astral Party ,Neverland Entertainment,STAR ENGINE PROJECT,Casual,Indie,RPG,"Strategy, RPG, Card Game, Multiplayer","Anime, Cute, Comedy","PvP, Turn-Based",2D,Apr 03 2024,39.99,373140.0,536440.0,572.0,1668.0,7958.0,12941.0,13.0,116305.0,54.0,False,1950.0,6671.0,42.0,-407.0
2622000,Astral Party ,Neverland Entertainment,STAR ENGINE PROJECT,Casual,Indie,RPG,"Strategy, RPG, Card Game, Multiplayer","Anime, Cute, Comedy","PvP, Turn-Based",2D,Apr 04 2024,39.99,375075.0,543580.0,546.0,1828.0,7999.0,12975.0,13.0,115813.0,55.0,False,1935.0,7140.0,41.0,-492.0
2622000,Astral Party ,Neverland Entertainment,STAR ENGINE PROJECT,Casual,Indie,RPG,"Strategy, RPG, Card Game, Multiplayer","Anime, Cute, Comedy","PvP, Turn-Based",2D,Apr 05 2024,39.99,377095.0,549836.0,597.0,1802.0,8042.0,12997.0,14.0,115490.0,55.0,False,2020.0,6256.0,43.0,-323.0
2622000,Astral Party ,Neverland Entertainment,STAR ENGINE PROJECT,Casual,Indie,RPG,"Strategy, RPG, Card Game, Multiplayer","Anime, Cute, Comedy","PvP, Turn-Based",2D,Apr 06 2024,39.99,379720.0,555735.0,626.0,1568.0,8098.0,13018.0,14.0,115189.0,56.0,False,2625.0,5899.0,56.0,-301.0
2622000,Astral Party ,Neverland Entertainment,STAR ENGINE PROJECT,Casual,Indie,RPG,"Strategy, RPG, Card Game, Multiplayer","Anime, Cute, Comedy","PvP, Turn-Based",2D,Apr 07 2024,39.99,381774.0,561690.0,629.0,1290.0,8142.0,13034.0,14.0,114947.0,56.0,False,2054.0,5955.0,44.0,-242.0
2622000,Astral Party ,Neverland Entertainment,STAR ENGINE PROJECT,Casual,Indie,RPG,"Strategy, RPG, Card Game, Multiplayer","Anime, Cute, Comedy","PvP, Turn-Based",2D,Apr 08 2024,39.99,383577.0,566627.0,703.0,1165.0,8180.0,13052.0,14.0,114684.0,56.0,False,1803.0,4937.0,38.0,-263.0
2622000,Astral Party ,Neverland Entertainment,STAR ENGINE PROJECT,Casual,Indie,RPG,"Strategy, RPG, Card Game, Multiplayer","Anime, Cute, Comedy","PvP, Turn-Based",2D,Apr 09 2024,39.99,385168.0,571331.0,735.0,903.0,8214.0,13069.0,14.0,114443.0,56.0,False,1591.0,4704.0,34.0,-241.0
2622000,Astral Party ,Neverland Entertainment,STAR ENGINE PROJECT,Casual,Indie,RPG,"Strategy, RPG, Card Game, Multiplayer","Anime, Cute, Comedy","PvP, Turn-Based",2D,Apr 10 2024,39.99,386829.0,576283.0,703.0,932.0,8250.0,13088.0,14.0,114162.0,55.0,False,1661.0,4952.0,36.0,-281.0
2622000,Astral Party ,Neverland Entertainment,STAR ENGINE PROJECT,Casual,Indie,RPG,"Strategy, RPG, Card Game, Multiplayer","Anime, Cute, Comedy","PvP, Turn-Based",2D,Apr 11 2024,39.99,388181.0,580276.0,928.0,827.0,8278.0,13108.0,14.0,113869.0,56.0,False,1352.0,3993.0,28.0,-293.0
2622000,Astral Party ,Neverland Entertainment,STAR ENGINE PROJECT,Casual,Indie,RPG,"Strategy, RPG, Card Game, Multiplayer","Anime, Cute, Comedy","PvP, Turn-Based",2D,Apr 12 2024,39.99,388976.0,584603.0,843.0,894.0,8295.0,13128.0,14.0,113570.0,57.0,False,795.0,4327.0,17.0,-299.0
2622000,Astral Party ,Neverland Entertainment,STAR ENGINE PROJECT,Casual,Indie,RPG,"Strategy, RPG, Card Game, Multiplayer","Anime, Cute, Comedy","PvP, Turn-Based",2D,Apr 13 2024,39.99,390172.0,588277.0,1020.0,1126.0,8321.0,13152.0,14.0,113228.0,57.0,False,1196.0,3674.0,26.0,-342.0
2622000,Astral Party ,Neverland Entertainment,STAR ENGINE PROJECT,Casual,Indie,RPG,"Strategy, RPG, Card Game, Multiplayer","Anime, Cute, Comedy","PvP, Turn-Based",2D,Apr 14 2024,39.99,391638.0,591917.0,1016.0,992.0,8352.0,13178.0,14.0,112841.0,57.0,False,1466.0,3640.0,31.0,-387.0
2622000,Astral Party ,Neverland Entertainment,STAR ENGINE PROJECT,Casual,Indie,RPG,"Strategy, RPG, Card Game, Multiplayer","Anime, Cute, Comedy","PvP, Turn-Based",2D,Apr 15 2024,39.99,392701.0,595894.0,911.0,806.0,8375.0,13199.0,14.0,112534.0,57.0,False,1063.0,3977.0,23.0,-307.0
2622000,Astral Party ,Neverland Entertainment,STAR ENGINE PROJECT,Casual,Indie,RPG,"Strategy, RPG, Card Game, Multiplayer","Anime, Cute, Comedy","PvP, Turn-Based",2D,Apr 16 2024,39.99,393545.0,599797.0,959.0,745.0,8393.0,13211.0,14.0,112357.0,58.0,False,844.0,3903.0,18.0,-177.0
2622000,Astral Party ,Neverland Entertainment,STAR ENGINE PROJECT,Casual,Indie,RPG,"Strategy, RPG, Card Game, Multiplayer","Anime, Cute, Comedy","PvP, Turn-Based",2D,Apr 17 2024,39.99,394637.0,603195.0,1089.0,667.0,8416.0,13226.0,14.0,112141.0,58.0,False,1092.0,3398.0,23.0,-216.0
2622000,Astral Party ,Neverland Entertainment,STAR ENGINE PROJECT,Casual,Indie,RPG,"Strategy, RPG, Card Game, Multiplayer","Anime, Cute, Comedy","PvP, Turn-Based",2D,Apr 18 2024,39.99,395707.0,606711.0,1070.0,693.0,8439.0,13246.0,14.0,111845.0,58.0,False,1070.0,3516.0,23.0,-296.0
2622000,Astral Party ,Neverland Entertainment,STAR ENGINE PROJECT,Casual,Indie,RPG,"Strategy, RPG, Card Game, Multiplayer","Anime, Cute, Comedy","PvP, Turn-Based",2D,Apr 19 2024,39.99,397324.0,610142.0,1072.0,834.0,8473.0,13263.0,14.0,111600.0,58.0,False,1617.0,3431.0,34.0,-245.0
2622000,Astral Party ,Neverland Entertainment,STAR ENGINE PROJECT,Casual,Indie,RPG,"Strategy, RPG, Card Game, Multiplayer","Anime, Cute, Comedy","PvP, Turn-Based",2D,Apr 20 2024,39.99,398732.0,613422.0,1139.0,999.0,8503.0,13288.0,14.0,111237.0,58.0,False,1408.0,3280.0,30.0,-363.0
2622000,Astral Party ,Neverland Entertainment,STAR ENGINE PROJECT,Casual,Indie,RPG,"Strategy, RPG, Card Game, Multiplayer","Anime, Cute, Comedy","PvP, Turn-Based",2D,Apr 21 2024,39.99,400177.0,616277.0,1280.0,888.0,8534.0,13315.0,14.0,110836.0,57.0,False,1445.0,2855.0,31.0,-401.0
2622000,Astral Party ,Neverland Entertainment,STAR ENGINE PROJECT,Casual,Indie,RPG,"Strategy, RPG, Card Game, Multiplayer","Anime, Cute, Comedy","PvP, Turn-Based",2D,Apr 22 2024,39.99,401389.0,618391.0,1482.0,716.0,8560.0,13335.0,14.0,110539.0,58.0,False,1212.0,2114.0,26.0,-297.0
2622000,Astral Party ,Neverland Entertainment,STAR ENGINE PROJECT,Casual,Indie,RPG,"Strategy, RPG, Card Game, Multiplayer","Anime, Cute, Comedy","PvP, Turn-Based",2D,Apr 23 2024,39.99,402370.0,620776.0,1404.0,655.0,8581.0,13352.0,14.0,110297.0,58.0,False,981.0,2385.0,21.0,-242.0
2622000,Astral Party ,Neverland Entertainment,STAR ENGINE PROJECT,Casual,Indie,RPG,"Strategy, RPG, Card Game, Multiplayer","Anime, Cute, Comedy","PvP, Turn-Based",2D,Apr 24 2024,39.99,403589.0,624556.0,1001.0,665.0,8607.0,13370.0,14.0,110036.0,58.0,False,1219.0,3780.0,26.0,-261.0
2622000,Astral Party ,Neverland Entertainment,STAR ENGINE PROJECT,Casual,Indie,RPG,"Strategy, RPG, Card Game, Multiplayer","Anime, Cute, Comedy","PvP, Turn-Based",2D,Apr 25 2024,39.99,404588.0,627974.0,1097.0,663.0,8628.0,13384.0,14.0,109832.0,58.0,False,999.0,3418.0,21.0,-204.0
2622000,Astral Party ,Neverland Entertainment,STAR ENGINE PROJECT,Casual,Indie,RPG,"Strategy, RPG, Card Game, Multiplayer","Anime, Cute, Comedy","PvP, Turn-Based",2D,Apr 26 2024,39.99,405327.0,630099.0,1504.0,750.0,8644.0,13398.0,14.0,109620.0,58.0,False,739.0,2125.0,16.0,-212.0
2622000,Astral Party ,Neverland Entertainment,STAR ENGINE PROJECT,Casual,Indie,RPG,"Strategy, RPG, Card Game, Multiplayer","Anime, Cute, Comedy","PvP, Turn-Based",2D,Apr 27 2024,39.99,406076.0,632392.0,1445.0,763.0,8660.0,13411.0,14.0,109433.0,58.0,False,749.0,2293.0,16.0,-187.0
2622000,Astral Party ,Neverland Entertainment,STAR ENGINE PROJECT,Casual,Indie,RPG,"Strategy, RPG, Card Game, Multiplayer","Anime, Cute, Comedy","PvP, Turn-Based",2D,Apr 28 2024,39.99,407098.0,634397.0,1545.0,734.0,8682.0,13420.0,14.0,109293.0,58.0,False,1022.0,2005.0,22.0,-140.0
2622000,Astral Party ,Neverland Entertainment,STAR ENGINE PROJECT,Casual,Indie,RPG,"Strategy, RPG, Card Game, Multiplayer","Anime, Cute, Comedy","PvP, Turn-Based",2D,Apr 29 2024,39.99,407974.0,636347.0,1541.0,709.0,8700.0,13432.0,14.0,109116.0,58.0,False,876.0,1950.0,18.0,-177.0
2622000,Astral Party ,Neverland Entertainment,STAR ENGINE PROJECT,Casual,Indie,RPG,"Strategy, RPG, Card Game, Multiplayer","Anime, Cute, Comedy","PvP, Turn-Based",2D,Apr 30 2024,39.99,408864.0,678349.0,374.0,1702.0,8719.0,13448.0,14.0,108888.0,58.0,False,890.0,42002.0,19.0,-228.0
2622000,Astral Party ,Neverland Entertainment,STAR ENGINE PROJECT,Casual,Indie,RPG,"Strategy, RPG, Card Game, Multiplayer","Anime, Cute, Comedy","PvP, Turn-Based",2D,May 01 2024,39.99,411481.0,719710.0,160.0,1718.0,8775.0,13485.0,14.0,108350.0,57.0,False,2617.0,41361.0,56.0,-538.0
2622000,Astral Party ,Neverland Entertainment,STAR ENGINE PROJECT,Casual,Indie,RPG,"Strategy, RPG, Card Game, Multiplayer","Anime, Cute, Comedy","PvP, Turn-Based",2D,May 02 2024,39.99,414067.0,742243.0,276.0,1559.0,8830.0,13516.0,14.0,107890.0,56.0,False,2586.0,22533.0,55.0,-460.0
2622000,Astral Party ,Neverland Entertainment,STAR ENGINE PROJECT,Casual,Indie,RPG,"Strategy, RPG, Card Game, Multiplayer","Anime, Cute, Comedy","PvP, Turn-Based",2D,May 03 2024,39.99,415575.0,755634.0,380.0,1518.0,8863.0,13554.0,15.0,107336.0,56.0,False,1508.0,13391.0,33.0,-554.0
2622000,Astral Party ,Neverland Entertainment,STAR ENGINE PROJECT,Casual,Indie,RPG,"Strategy, RPG, Card Game, Multiplayer","Anime, Cute, Comedy","PvP, Turn-Based",2D,May 04 2024,39.99,416956.0,766111.0,438.0,1595.0,8892.0,13578.0,15.0,106985.0,56.0,False,1381.0,10477.0,29.0,-351.0
2622000,Astral Party ,Neverland Entertainment,STAR ENGINE PROJECT,Casual,Indie,RPG,"Strategy, RPG, Card Game, Multiplayer","Anime, Cute, Comedy","PvP, Turn-Based",2D,May 05 2024,39.99,418801.0,785034.0,300.0,1492.0,8931.0,13600.0,15.0,106664.0,56.0,False,1845.0,18923.0,39.0,-321.0
2622000,Astral Party ,Neverland Entertainment,STAR ENGINE PROJECT,Casual,Indie,RPG,"Strategy, RPG, Card Game, Multiplayer","Anime, Cute, Comedy","PvP, Turn-Based",2D,May 06 2024,39.99,420587.0,802387.0,314.0,1304.0,8970.0,13630.0,15.0,106228.0,56.0,False,1786.0,17353.0,39.0,-436.0
2622000,Astral Party ,Neverland Entertainment,STAR ENGINE PROJECT,Casual,Indie,RPG,"Strategy, RPG, Card Game, Multiplayer","Anime, Cute, Comedy","PvP, Turn-Based",2D,May 07 2024,39.99,422366.0,813822.0,422.0,1072.0,9007.0,13654.0,15.0,105878.0,56.0,False,1779.0,11435.0,37.0,-350.0
2622000,Astral Party ,Neverland Entertainment,STAR ENGINE PROJECT,Casual,Indie,RPG,"Strategy, RPG, Card Game, Multiplayer","Anime, Cute, Comedy","PvP, Turn-Based",2D,May 08 2024,39.99,423810.0,820440.0,599.0,840.0,9038.0,13672.0,15.0,105614.0,56.0,False,1444.0,6618.0,31.0,-264.0
2622000,Astral Party ,Neverland Entertainment,STAR ENGINE PROJECT,Casual,Indie,RPG,"Strategy, RPG, Card Game, Multiplayer","Anime, Cute, Comedy","PvP, Turn-Based",2D,May 09 2024,39.99,425035.0,825588.0,689.0,769.0,9064.0,13690.0,15.0,105338.0,56.0,False,1225.0,5148.0,26.0,-276.0
2622000,Astral Party ,Neverland Entertainment,STAR ENGINE PROJECT,Casual,Indie,RPG,"Strategy, RPG, Card Game, Multiplayer","Anime, Cute, Comedy","PvP, Turn-Based",2D,May 10 2024,39.99,425780.0,829912.0,821.0,778.0,9080.0,13707.0,15.0,105099.0,56.0,False,745.0,4324.0,16.0,-239.0
2622000,Astral Party ,Neverland Entertainment,STAR ENGINE PROJECT,Casual,Indie,RPG,"Strategy, RPG, Card Game, Multiplayer","Anime, Cute, Comedy","PvP, Turn-Based",2D,May 11 2024,39.99,426509.0,834148.0,849.0,907.0,9096.0,13720.0,15.0,104900.0,56.0,False,729.0,4236.0,16.0,-199.0
2622000,Astral Party ,Neverland Entertainment,STAR ENGINE PROJECT,Casual,Indie,RPG,"Strategy, RPG, Card Game, Multiplayer","Anime, Cute, Comedy","PvP, Turn-Based",2D,May 12 2024,39.99,427485.0,838550.0,805.0,865.0,9117.0,13741.0,15.0,104604.0,55.0,False,976.0,4402.0,21.0,-296.0
2622000,Astral Party ,Neverland Entertainment,STAR ENGINE PROJECT,Casual,Indie,RPG,"Strategy, RPG, Card Game, Multiplayer","Anime, Cute, Comedy","PvP, Turn-Based",2D,May 13 2024,39.99,428703.0,843051.0,780.0,754.0,9143.0,13755.0,15.0,104400.0,55.0,False,1218.0,4501.0,26.0,-204.0
2622000,Astral Party ,Neverland Entertainment,STAR ENGINE PROJECT,Casual,Indie,RPG,"Strategy, RPG, Card Game, Multiplayer","Anime, Cute, Comedy","PvP, Turn-Based",2D,May 14 2024,39.99,429557.0,847623.0,768.0,625.0,9161.0,13769.0,15.0,104189.0,56.0,False,854.0,4572.0,18.0,-211.0
2622000,Astral Party ,Neverland Entertainment,STAR ENGINE PROJECT,Casual,Indie,RPG,"Strategy, RPG, Card Game, Multiplayer","Anime, Cute, Comedy","PvP, Turn-Based",2D,May 15 2024,39.99,430456.0,851918.0,838.0,550.0,9180.0,13786.0,15.0,103934.0,55.0,False,899.0,4295.0,19.0,-255.0
2622000,Astral Party ,Neverland Entertainment,STAR ENGINE PROJECT,Casual,Indie,RPG,"Strategy, RPG, Card Game, Multiplayer","Anime, Cute, Comedy","PvP, Turn-Based",2D,May 16 2024,39.99,431020.0,854399.0,1376.0,475.0,9192.0,13797.0,15.0,103776.0,55.0,False,564.0,2481.0,12.0,-158.0
2622000,Astral Party ,Neverland Entertainment,STAR ENGINE PROJECT,Casual,Indie,RPG,"Strategy, RPG, Card Game, Multiplayer","Anime, Cute, Comedy","PvP, Turn-Based",2D,May 17 2024,39.99,432031.0,856421.0,1533.0,587.0,9214.0,13811.0,15.0,103570.0,54.0,False,1011.0,2022.0,22.0,-206.0
2622000,Astral Party ,Neverland Entertainment,STAR ENGINE PROJECT,Casual,Indie,RPG,"Strategy, RPG, Card Game, Multiplayer","Anime, Cute, Comedy","PvP, Turn-Based",2D,May 18 2024,39.99,433142.0,858737.0,1420.0,746.0,9237.0,13823.0,15.0,103400.0,55.0,False,1111.0,2316.0,23.0,-170.0
2622000,Astral Party ,Neverland Entertainment,STAR ENGINE PROJECT,Casual,Indie,RPG,"Strategy, RPG, Card Game, Multiplayer","Anime, Cute, Comedy","PvP, Turn-Based",2D,May 19 2024,39.99,434090.0,861618.0,1270.0,700.0,9257.0,13838.0,15.0,103178.0,55.0,False,948.0,2881.0,20.0,-222.0
2622000,Astral Party ,Neverland Entertainment,STAR ENGINE PROJECT,Casual,Indie,RPG,"Strategy, RPG, Card Game, Multiplayer","Anime, Cute, Comedy","PvP, Turn-Based",2D,May 20 2024,39.99,434946.0,863911.0,1433.0,610.0,9276.0,13850.0,15.0,103003.0,54.0,False,856.0,2293.0,19.0,-175.0
2622000,Astral Party ,Neverland Entertainment,STAR ENGINE PROJECT,Casual,Indie,RPG,"Strategy, RPG, Card Game, Multiplayer","Anime, Cute, Comedy","PvP, Turn-Based",2D,May 21 2024,39.99,435484.0,866648.0,1303.0,538.0,9287.0,13858.0,15.0,102889.0,53.0,False,538.0,2737.0,11.0,-114.0
2622000,Astral Party ,Neverland Entertainment,STAR ENGINE PROJECT,Casual,Indie,RPG,"Strategy, RPG, Card Game, Multiplayer","Anime, Cute, Comedy","PvP, Turn-Based",2D,May 22 2024,39.99,435800.0,869477.0,1276.0,505.0,9294.0,13869.0,15.0,102727.0,52.0,False,316.0,2829.0,7.0,-162.0
2622000,Astral Party ,Neverland Entertainment,STAR ENGINE PROJECT,Casual,Indie,RPG,"Strategy, RPG, Card Game, Multiplayer","Anime, Cute, Comedy","PvP, Turn-Based",2D,May 23 2024,39.99,436406.0,884549.0,508.0,615.0,9307.0,13880.0,15.0,102556.0,52.0,False,606.0,15072.0,13.0,-171.0
2622000,Astral Party ,Neverland Entertainment,STAR ENGINE PROJECT,Casual,Indie,RPG,"Strategy, RPG, Card Game, Multiplayer","Anime, Cute, Comedy","PvP, Turn-Based",2D,May 24 2024,39.99,437567.0,894380.0,462.0,586.0,9332.0,13897.0,15.0,102316.0,51.0,False,1161.0,9831.0,25.0,-240.0
2622000,Astral Party ,Neverland Entertainment,STAR ENGINE PROJECT,Casual,Indie,RPG,"Strategy, RPG, Card Game, Multiplayer","Anime, Cute, Comedy","PvP, Turn-Based",2D,May 25 2024,39.99,438397.0,900050.0,676.0,857.0,9349.0,13913.0,15.0,102078.0,51.0,False,830.0,5670.0,17.0,-238.0
2622000,Astral Party ,Neverland Entertainment,STAR ENGINE PROJECT,Casual,Indie,RPG,"Strategy, RPG, Card Game, Multiplayer","Anime, Cute, Comedy","PvP, Turn-Based",2D,May 26 2024,39.99,439515.0,904391.0,796.0,790.0,9373.0,13931.0,15.0,101818.0,51.0,False,1118.0,4341.0,24.0,-260.0
2622000,Astral Party ,Neverland Entertainment,STAR ENGINE PROJECT,Casual,Indie,RPG,"Strategy, RPG, Card Game, Multiplayer","Anime, Cute, Comedy","PvP, Turn-Based",2D,May 27 2024,39.99,440548.0,908809.0,831.0,669.0,9395.0,13937.0,15.0,101722.0,51.0,False,1033.0,4418.0,22.0,-96.0
2622000,Astral Party ,Neverland Entertainment,STAR ENGINE PROJECT,Casual,Indie,RPG,"Strategy, RPG, Card Game, Multiplayer","Anime, Cute, Comedy","PvP, Turn-Based",2D,May 28 2024,39.99,440957.0,912957.0,892.0,624.0,9404.0,13944.0,15.0,101630.0,51.0,False,409.0,4148.0,9.0,-92.0
2622000,Astral Party ,Neverland Entertainment,STAR ENGINE PROJECT,Casual,Indie,RPG,"Strategy, RPG, Card Game, Multiplayer","Anime, Cute, Comedy","PvP, Turn-Based",2D,May 29 2024,39.99,441595.0,916626.0,968.0,595.0,9417.0,13953.0,15.0,101497.0,51.0,False,638.0,3669.0,13.0,-133.0
2622000,Astral Party ,Neverland Entertainment,STAR ENGINE PROJECT,Casual,Indie,RPG,"Strategy, RPG, Card Game, Multiplayer","Anime, Cute, Comedy","PvP, Turn-Based",2D,May 30 2024,39.99,442190.0,919786.0,1161.0,552.0,9430.0,13967.0,15.0,101285.0,51.0,False,595.0,3160.0,13.0,-212.0
2622000,Astral Party ,Neverland Entertainment,STAR ENGINE PROJECT,Casual,Indie,RPG,"Strategy, RPG, Card Game, Multiplayer","Anime, Cute, Comedy","PvP, Turn-Based",2D,May 31 2024,39.99,442889.0,922634.0,1306.0,672.0,9445.0,13978.0,15.0,101124.0,50.0,False,699.0,2848.0,15.0,-161.0
2622000,Astral Party ,Neverland Entertainment,STAR ENGINE PROJECT,Casual,Indie,RPG,"Strategy, RPG, Card Game, Multiplayer","Anime, Cute, Comedy","PvP, Turn-Based",2D,Jun 01 2024,39.99,443571.0,926390.0,974.0,831.0,9460.0,13996.0,15.0,100872.0,52.0,False,682.0,3756.0,15.0,-252.0
2622000,Astral Party ,Neverland Entertainment,STAR ENGINE PROJECT,Casual,Indie,RPG,"Strategy, RPG, Card Game, Multiplayer","Anime, Cute, Comedy","PvP, Turn-Based",2D,Jun 02 2024,39.99,444674.0,930119.0,1037.0,769.0,9483.0,14012.0,15.0,100629.0,53.0,False,1103.0,3729.0,23.0,-243.0
2622000,Astral Party ,Neverland Entertainment,STAR ENGINE PROJECT,Casual,Indie,RPG,"Strategy, RPG, Card Game, Multiplayer","Anime, Cute, Comedy","PvP, Turn-Based",2D,Jun 03 2024,39.99,445710.0,933191.0,1181.0,657.0,9505.0,14024.0,15.0,100460.0,54.0,False,1036.0,3072.0,22.0,-169.0
2622000,Astral Party ,Neverland Entertainment,STAR ENGINE PROJECT,Casual,Indie,RPG,"Strategy, RPG, Card Game, Multiplayer","Anime, Cute, Comedy","PvP, Turn-Based",2D,Jun 04 2024,39.99,446501.0,936765.0,1064.0,661.0,9522.0,14040.0,15.0,100224.0,53.0,False,791.0,3574.0,17.0,-236.0
2622000,Astral Party ,Neverland Entertainment,STAR ENGINE PROJECT,Casual,Indie,RPG,"Strategy, RPG, Card Game, Multiplayer","Anime, Cute, Comedy","PvP, Turn-Based",2D,Jun 05 2024,39.99,447211.0,940571.0,979.0,606.0,9537.0,14056.0,15.0,99985.0,53.0,False,710.0,3806.0,15.0,-239.0
2622000,Astral Party ,Neverland Entertainment,STAR ENGINE PROJECT,Casual,Indie,RPG,"Strategy, RPG, Card Game, Multiplayer","Anime, Cute, Comedy","PvP, Turn-Based",2D,Jun 06 2024,39.99,447684.0,943025.0,1379.0,572.0,9547.0,14070.0,15.0,99787.0,53.0,False,473.0,2454.0,10.0,-198.0
2622000,Astral Party ,Neverland Entertainment,STAR ENGINE PROJECT,Casual,Indie,RPG,"Strategy, RPG, Card Game, Multiplayer","Anime, Cute, Comedy","PvP, Turn-Based",2D,Jun 07 2024,39.99,448183.0,988391.0,342.0,1656.0,9558.0,14088.0,16.0,99512.0,52.0,False,499.0,45366.0,11.0,-275.0
2622000,Astral Party ,Neverland Entertainment,STAR ENGINE PROJECT,Casual,Indie,RPG,"Strategy, RPG, Card Game, Multiplayer","Anime, Cute, Comedy","PvP, Turn-Based",2D,Jun 08 2024,39.99,450348.0,1030623.0,158.0,2036.0,9604.0,14138.0,16.0,98788.0,52.0,False,2165.0,42232.0,46.0,-724.0
2622000,Astral Party ,Neverland Entertainment,STAR ENGINE PROJECT,Casual,Indie,RPG,"Strategy, RPG, Card Game, Multiplayer","Anime, Cute, Comedy","PvP, Turn-Based",2D,Jun 09 2024,39.99,452124.0,1051869.0,246.0,2055.0,9642.0,14173.0,16.0,98280.0,52.0,False,1776.0,21246.0,38.0,-508.0
2622000,Astral Party ,Neverland Entertainment,STAR ENGINE PROJECT,Casual,Indie,RPG,"Strategy, RPG, Card Game, Multiplayer","Anime, Cute, Comedy","PvP, Turn-Based",2D,Jun 10 2024,39.99,454260.0,1071186.0,302.0,1791.0,9688.0,14202.0,16.0,97842.0,53.0,False,2136.0,19317.0,46.0,-438.0
2622000,Astral Party ,Neverland Entertainment,STAR ENGINE PROJECT,Casual,Indie,RPG,"Strategy, RPG, Card Game, Multiplayer","Anime, Cute, Comedy","PvP, Turn-Based",2D,Jun 11 2024,39.99,456309.0,1088053.0,336.0,1494.0,9731.0,14230.0,16.0,97435.0,53.0,False,2049.0,16867.0,43.0,-407.0
2622000,Astral Party ,Neverland Entertainment,STAR ENGINE PROJECT,Casual,Indie,RPG,"Strategy, RPG, Card Game, Multiplayer","Anime, Cute, Comedy","PvP, Turn-Based",2D,Jun 12 2024,39.99,457606.0,1102924.0,348.0,1342.0,9759.0,14257.0,16.0,97040.0,53.0,False,1297.0,14871.0,28.0,-395.0
2622000,Astral Party ,Neverland Entertainment,STAR ENGINE PROJECT,Casual,Indie,RPG,"Strategy, RPG, Card Game, Multiplayer","Anime, Cute, Comedy","PvP, Turn-Based",2D,Jun 13 2024,39.99,459199.0,1112404.0,470.0,1262.0,9793.0,14283.0,16.0,96664.0,53.0,False,1593.0,9480.0,34.0,-376.0
2622000,Astral Party ,Neverland Entertainment,STAR ENGINE PROJECT,Casual,Indie,RPG,"Strategy, RPG, Card Game, Multiplayer","Anime, Cute, Comedy","PvP, Turn-Based",2D,Jun 14 2024,39.99,460546.0,1120958.0,490.0,1188.0,9822.0,14303.0,16.0,96367.0,54.0,False,1347.0,8554.0,29.0,-297.0
2622000,Astral Party ,Neverland Entertainment,STAR ENGINE PROJECT,Casual,Indie,RPG,"Strategy, RPG, Card Game, Multiplayer","Anime, Cute, Comedy","PvP, Turn-Based",2D,Jun 15 2024,39.99,461691.0,1129138.0,494.0,1366.0,9846.0,14327.0,16.0,96020.0,53.0,False,1145.0,8180.0,24.0,-347.0
2622000,Astral Party ,Neverland Entertainment,STAR ENGINE PROJECT,Casual,Indie,RPG,"Strategy, RPG, Card Game, Multiplayer","Anime, Cute, Comedy","PvP, Turn-Based",2D,Jun 16 2024,39.99,463269.0,1137025.0,500.0,1289.0,9880.0,14348.0,16.0,95711.0,54.0,False,1578.0,7887.0,34.0,-309.0
2622000,Astral Party ,Neverland Entertainment,STAR ENGINE PROJECT,Casual,Indie,RPG,"Strategy, RPG, Card Game, Multiplayer","Anime, Cute, Comedy","PvP, Turn-Based",2D,Jun 17 2024,39.99,464876.0,1144347.0,542.0,1195.0,9914.0,14376.0,16.0,95305.0,55.0,False,1607.0,7322.0,34.0,-406.0
2622000,Astral Party ,Neverland Entertainment,STAR ENGINE PROJECT,Casual,Indie,RPG,"Strategy, RPG, Card Game, Multiplayer","Anime, Cute, Comedy","PvP, Turn-Based",2D,Jun 18 2024,39.99,466233.0,1152299.0,500.0,1140.0,9943.0,14402.0,16.0,94926.0,55.0,False,1357.0,7952.0,29.0,-379.0
2622000,Astral Party ,Neverland Entertainment,STAR ENGINE PROJECT,Casual,Indie,RPG,"Strategy, RPG, Card Game, Multiplayer","Anime, Cute, Comedy","PvP, Turn-Based",2D,Jun 19 2024,39.99,467701.0,1154060.0,,932.0,9974.0,14418.0,16.0,94692.0,55.0,False,1468.0,1761.0,31.0,-234.0
2622000,Astral Party ,Neverland Entertainment,STAR ENGINE PROJECT,Casual,Indie,RPG,"Strategy, RPG, Card Game, Multiplayer","Anime, Cute, Comedy","PvP, Turn-Based",2D,Jun 20 2024,39.99,468862.0,1159108.0,,914.0,9999.0,14436.0,16.0,94425.0,56.0,False,1161.0,5048.0,25.0,-267.0
2622000,Astral Party ,Neverland Entertainment,STAR ENGINE PROJECT,Casual,Indie,RPG,"Strategy, RPG, Card Game, Multiplayer","Anime, Cute, Comedy","PvP, Turn-Based",2D,Jun 21 2024,39.99,470232.0,1162827.0,820.0,881.0,10028.0,14455.0,16.0,94145.0,56.0,False,1370.0,3719.0,29.0,-280.0
2622000,Astral Party ,Neverland Entertainment,STAR ENGINE PROJECT,Casual,Indie,RPG,"Strategy, RPG, Card Game, Multiplayer","Anime, Cute, Comedy","PvP, Turn-Based",2D,Jun 22 2024,39.99,471240.0,1167416.0,890.0,999.0,10050.0,14473.0,16.0,93881.0,57.0,False,1008.0,4589.0,22.0,-264.0
2622000,Astral Party ,Neverland Entertainment,STAR ENGINE PROJECT,Casual,Indie,RPG,"Strategy, RPG, Card Game, Multiplayer","Anime, Cute, Comedy","PvP, Turn-Based",2D,Jun 23 2024,39.99,472264.0,1172100.0,807.0,929.0,10072.0,14487.0,16.0,93670.0,56.0,False,1024.0,4684.0,22.0,-211.0
2622000,Astral Party ,Neverland Entertainment,STAR ENGINE PROJECT,Casual,Indie,RPG,"Strategy, RPG, Card Game, Multiplayer","Anime, Cute, Comedy","PvP, Turn-Based",2D,Jun 24 2024,39.99,473539.0,1176453.0,815.0,878.0,10099.0,14501.0,16.0,93477.0,57.0,False,1275.0,4353.0,27.0,-193.0
2622000,Astral Party ,Neverland Entertainment,STAR ENGINE PROJECT,Casual,Indie,RPG,"Strategy, RPG, Card Game, Multiplayer","Anime, Cute, Comedy","PvP, Turn-Based",2D,Jun 25 2024,39.99,474586.0,1180667.0,861.0,840.0,10121.0,14512.0,16.0,93310.0,57.0,False,1047.0,4214.0,22.0,-167.0
2622000,Astral Party ,Neverland Entertainment,STAR ENGINE PROJECT,Casual,Indie,RPG,"Strategy, RPG, Card Game, Multiplayer","Anime, Cute, Comedy","PvP, Turn-Based",2D,Jun 26 2024,39.99,475532.0,1185018.0,817.0,774.0,10141.0,14526.0,16.0,93102.0,58.0,False,946.0,4351.0,20.0,-208.0
2622000,Astral Party ,Neverland Entertainment,STAR ENGINE PROJECT,Casual,Indie,RPG,"Strategy, RPG, Card Game, Multiplayer","Anime, Cute, Comedy","PvP, Turn-Based",2D,Jun 27 2024,39.99,476203.0,1189297.0,840.0,732.0,10156.0,14544.0,16.0,92847.0,57.0,False,671.0,4279.0,15.0,-255.0
2622000,Astral Party ,Neverland Entertainment,STAR ENGINE PROJECT,Casual,Indie,RPG,"Strategy, RPG, Card Game, Multiplayer","Anime, Cute, Comedy","PvP, Turn-Based",2D,Jun 28 2024,39.99,477078.0,1190183.0,2558.0,914.0,10174.0,14558.0,16.0,92643.0,58.0,False,875.0,886.0,18.0,-204.0
2622000,Astral Party ,Neverland Entertainment,STAR ENGINE PROJECT,Casual,Indie,RPG,"Strategy, RPG, Card Game, Multiplayer","Anime, Cute, Comedy","PvP, Turn-Based",2D,Jun 29 2024,39.99,478285.0,1190972.0,2312.0,1054.0,10200.0,14568.0,17.0,92488.0,59.0,False,1207.0,789.0,26.0,-155.0
2622000,Astral Party ,Neverland Entertainment,STAR ENGINE PROJECT,Casual,Indie,RPG,"Strategy, RPG, Card Game, Multiplayer","Anime, Cute, Comedy","PvP, Turn-Based",2D,Jun 30 2024,39.99,479550.0,1191866.0,2201.0,992.0,10227.0,14578.0,17.0,92341.0,59.0,False,1265.0,894.0,27.0,-147.0
2622000,Astral Party ,Neverland Entertainment,STAR ENGINE PROJECT,Casual,Indie,RPG,"Strategy, RPG, Card Game, Multiplayer","Anime, Cute, Comedy","PvP, Turn-Based",2D,Jul 01 2024,39.99,481006.0,1192652.0,2277.0,889.0,10258.0,14596.0,17.0,92076.0,59.0,False,1456.0,786.0,31.0,-265.0
2622000,Astral Party ,Neverland Entertainment,STAR ENGINE PROJECT,Casual,Indie,RPG,"Strategy, RPG, Card Game, Multiplayer","Anime, Cute, Comedy","PvP, Turn-Based",2D,Jul 02 2024,39.99,481886.0,1193921.0,2027.0,935.0,10277.0,14605.0,17.0,91949.0,59.0,False,880.0,1269.0,19.0,-127.0
2622000,Astral Party ,Neverland Entertainment,STAR ENGINE PROJECT,Casual,Indie,RPG,"Strategy, RPG, Card Game, Multiplayer","Anime, Cute, Comedy","PvP, Turn-Based",2D,Jul 03 2024,39.99,482809.0,1194939.0,2105.0,752.0,10296.0,14618.0,17.0,91763.0,60.0,False,923.0,1018.0,19.0,-186.0
2622000,Astral Party ,Neverland Entertainment,STAR ENGINE PROJECT,Casual,Indie,RPG,"Strategy, RPG, Card Game, Multiplayer","Anime, Cute, Comedy","PvP, Turn-Based",2D,Jul 04 2024,39.99,483898.0,1196192.0,1963.0,614.0,10320.0,14628.0,17.0,91613.0,60.0,False,1089.0,1253.0,24.0,-150.0
2622000,Astral Party ,Neverland Entertainment,STAR ENGINE PROJECT,Casual,Indie,RPG,"Strategy, RPG, Card Game, Multiplayer","Anime, Cute, Comedy","PvP, Turn-Based",2D,Jul 05 2024,39.99,484599.0,1196493.0,2709.0,606.0,10335.0,14634.0,17.0,91526.0,61.0,False,701.0,301.0,15.0,-87.0
2622000,Astral Party ,Neverland Entertainment,STAR ENGINE PROJECT,Casual,Indie,RPG,"Strategy, RPG, Card Game, Multiplayer","Anime, Cute, Comedy","PvP, Turn-Based",2D,Jul 06 2024,39.99,485165.0,1196995.0,2482.0,619.0,10347.0,14641.0,17.0,91423.0,61.0,False,566.0,502.0,12.0,-103.0
2622000,Astral Party ,Neverland Entertainment,STAR ENGINE PROJECT,Casual,Indie,RPG,"Strategy, RPG, Card Game, Multiplayer","Anime, Cute, Comedy","PvP, Turn-Based",2D,Jul 07 2024,39.99,485773.0,1197241.0,2785.0,624.0,10360.0,14652.0,17.0,91264.0,61.0,False,608.0,246.0,13.0,-159.0
2622000,Astral Party ,Neverland Entertainment,STAR ENGINE PROJECT,Casual,Indie,RPG,"Strategy, RPG, Card Game, Multiplayer","Anime, Cute, Comedy","PvP, Turn-Based",2D,Jul 08 2024,39.99,486244.0,1197378.0,2917.0,638.0,10370.0,14659.0,17.0,93273.0,61.0,False,471.0,137.0,10.0,2009.0
2622000,Astral Party ,Neverland Entertainment,STAR ENGINE PROJECT,Casual,Indie,RPG,"Strategy, RPG, Card Game, Multiplayer","Anime, Cute, Comedy","PvP, Turn-Based",2D,Jul 09 2024,39.99,486803.0,1199219.0,1629.0,627.0,10382.0,14662.0,17.0,93293.0,62.0,False,559.0,1841.0,12.0,20.0
2622000,Astral Party ,Neverland Entertainment,STAR ENGINE PROJECT,Casual,Indie,RPG,"Strategy, RPG, Card Game, Multiplayer","Anime, Cute, Comedy","PvP, Turn-Based",2D,Jul 10 2024,39.99,487549.0,1200011.0,2280.0,521.0,10398.0,14663.0,17.0,93278.0,62.0,False,746.0,792.0,16.0,-15.0
2622000,Astral Party ,Neverland Entertainment,STAR ENGINE PROJECT,Casual,Indie,RPG,"Strategy, RPG, Card Game, Multiplayer","Anime, Cute, Comedy","PvP, Turn-Based",2D,Jul 11 2024,39.99,488119.0,1200071.0,3838.0,504.0,10410.0,14673.0,17.0,93138.0,62.0,False,570.0,60.0,12.0,-140.0
2622000,Astral Party ,Neverland Entertainment,STAR ENGINE PROJECT,Casual,Indie,RPG,"Strategy, RPG, Card Game, Multiplayer","Anime, Cute, Comedy","PvP, Turn-Based",2D,Jul 12 2024,39.99,488995.0,1200864.0,2308.0,1009.0,10428.0,14684.0,17.0,92982.0,62.0,False,876.0,793.0,18.0,-156.0
2622000,Astral Party ,Neverland Entertainment,STAR ENGINE PROJECT,Casual,Indie,RPG,"Strategy, RPG, Card Game, Multiplayer","Anime, Cute, Comedy","PvP, Turn-Based",2D,Jul 13 2024,39.99,490618.0,1246067.0,205.0,1407.0,10463.0,14733.0,17.0,92283.0,62.0,False,1623.0,45203.0,35.0,-699.0
2622000,Astral Party ,Neverland Entertainment,STAR ENGINE PROJECT,Casual,Indie,RPG,"Strategy, RPG, Card Game, Multiplayer","Anime, Cute, Comedy","PvP, Turn-Based",2D,Jul 14 2024,39.99,491760.0,1261598.0,354.0,1284.0,10487.0,14773.0,17.0,91706.0,62.0,False,1142.0,15531.0,24.0,-577.0
2622000,Astral Party ,Neverland Entertainment,STAR ENGINE PROJECT,Casual,Indie,RPG,"Strategy, RPG, Card Game, Multiplayer","Anime, Cute, Comedy","PvP, Turn-Based",2D,Jul 15 2024,39.99,493749.0,1275061.0,377.0,1205.0,10530.0,14796.0,17.0,91371.0,61.0,False,1989.0,13463.0,43.0,-335.0
2622000,Astral Party ,Neverland Entertainment,STAR ENGINE PROJECT,Casual,Indie,RPG,"Strategy, RPG, Card Game, Multiplayer","Anime, Cute, Comedy","PvP, Turn-Based",2D,Jul 16 2024,39.99,494716.0,1281435.0,597.0,1029.0,10550.0,14822.0,17.0,91001.0,61.0,False,967.0,6374.0,20.0,-370.0
2622000,Astral Party ,Neverland Entertainment,STAR ENGINE PROJECT,Casual,Indie,RPG,"Strategy, RPG, Card Game, Multiplayer","Anime, Cute, Comedy","PvP, Turn-Based",2D,Jul 17 2024,39.99,495836.0,1284603.0,605.0,955.0,10574.0,14840.0,17.0,90740.0,61.0,False,1120.0,3168.0,24.0,-261.0
2622000,Astral Party ,Neverland Entertainment,STAR ENGINE PROJECT,Casual,Indie,RPG,"Strategy, RPG, Card Game, Multiplayer","Anime, Cute, Comedy","PvP, Turn-Based",2D,Jul 18 2024,39.99,496963.0,1287675.0,607.0,885.0,10598.0,14858.0,17.0,90482.0,60.0,False,1127.0,3072.0,24.0,-258.0
2622000,Astral Party ,Neverland Entertainment,STAR ENGINE PROJECT,Casual,Indie,RPG,"Strategy, RPG, Card Game, Multiplayer","Anime, Cute, Comedy","PvP, Turn-Based",2D,Jul 19 2024,39.99,497770.0,1293217.0,646.0,772.0,10616.0,14873.0,17.0,90280.0,61.0,False,807.0,5542.0,18.0,-202.0
2622000,Astral Party ,Neverland Entertainment,STAR ENGINE PROJECT,Casual,Indie,RPG,"Strategy, RPG, Card Game, Multiplayer","Anime, Cute, Comedy","PvP, Turn-Based",2D,Jul 20 2024,39.99,498611.0,1298031.0,722.0,834.0,10633.0,14881.0,17.0,90164.0,61.0,False,841.0,4814.0,17.0,-116.0
2622000,Astral Party ,Neverland Entertainment,STAR ENGINE PROJECT,Casual,Indie,RPG,"Strategy, RPG, Card Game, Multiplayer","Anime, Cute, Comedy","PvP, Turn-Based",2D,Jul 21 2024,39.99,499275.0,1302567.0,776.0,814.0,10648.0,14898.0,17.0,92350.0,61.0,False,664.0,4536.0,15.0,2186.0
2622000,Astral Party ,Neverland Entertainment,STAR ENGINE PROJECT,Casual,Indie,RPG,"Strategy, RPG, Card Game, Multiplayer","Anime, Cute, Comedy","PvP, Turn-Based",2D,Jul 22 2024,39.99,499931.0,1307194.0,758.0,807.0,10662.0,14911.0,17.0,92253.0,61.0,False,656.0,4627.0,14.0,-97.0
2622000,Astral Party ,Neverland Entertainment,STAR ENGINE PROJECT,Casual,Indie,RPG,"Strategy, RPG, Card Game, Multiplayer","Anime, Cute, Comedy","PvP, Turn-Based",2D,Jul 23 2024,39.99,500817.0,1311372.0,875.0,772.0,10680.0,14925.0,17.0,92058.0,61.0,False,886.0,4178.0,18.0,-195.0
2622000,Astral Party ,Neverland Entertainment,STAR ENGINE PROJECT,Casual,Indie,RPG,"Strategy, RPG, Card Game, Multiplayer","Anime, Cute, Comedy","PvP, Turn-Based",2D,Jul 24 2024,39.99,501889.0,1315675.0,830.0,719.0,10703.0,14936.0,17.0,91904.0,60.0,False,1072.0,4303.0,23.0,-154.0
2622000,Astral Party ,Neverland Entertainment,STAR ENGINE PROJECT,Casual,Indie,RPG,"Strategy, RPG, Card Game, Multiplayer","Anime, Cute, Comedy","PvP, Turn-Based",2D,Jul 25 2024,39.99,502511.0,1319764.0,900.0,712.0,10717.0,14965.0,17.0,91495.0,60.0,False,622.0,4089.0,14.0,-409.0
2622000,Astral Party ,Neverland Entertainment,STAR ENGINE PROJECT,Casual,Indie,RPG,"Strategy, RPG, Card Game, Multiplayer","Anime, Cute, Comedy","PvP, Turn-Based",2D,Jul 26 2024,39.99,503394.0,1323302.0,1052.0,675.0,10735.0,14978.0,17.0,91320.0,60.0,False,883.0,3538.0,18.0,-175.0
2622000,Astral Party ,Neverland Entertainment,STAR ENGINE PROJECT,Casual,Indie,RPG,"Strategy, RPG, Card Game, Multiplayer","Anime, Cute, Comedy","PvP, Turn-Based",2D,Jul 27 2024,39.99,504193.0,1327407.0,893.0,764.0,10752.0,14991.0,17.0,91140.0,61.0,False,799.0,4105.0,17.0,-180.0
2622000,Astral Party ,Neverland Entertainment,STAR ENGINE PROJECT,Casual,Indie,RPG,"Strategy, RPG, Card Game, Multiplayer","Anime, Cute, Comedy","PvP, Turn-Based",2D,Jul 28 2024,39.99,504719.0,1331048.0,1021.0,751.0,10764.0,15022.0,17.0,90701.0,60.0,False,526.0,3641.0,12.0,-439.0
2622000,Astral Party ,Neverland Entertainment,STAR ENGINE PROJECT,Casual,Indie,RPG,"Strategy, RPG, Card Game, Multiplayer","Anime, Cute, Comedy","PvP, Turn-Based",2D,Jul 29 2024,39.99,505596.0,1334520.0,1069.0,718.0,10782.0,15031.0,17.0,90581.0,59.0,False,877.0,3472.0,18.0,-120.0
2622000,Astral Party ,Neverland Entertainment,STAR ENGINE PROJECT,Casual,Indie,RPG,"Strategy, RPG, Card Game, Multiplayer","Anime, Cute, Comedy","PvP, Turn-Based",2D,Jul 30 2024,39.99,506350.0,1338353.0,965.0,721.0,10798.0,15039.0,17.0,90470.0,59.0,False,754.0,3833.0,16.0,-111.0
2622000,Astral Party ,Neverland Entertainment,STAR ENGINE PROJECT,Casual,Indie,RPG,"Strategy, RPG, Card Game, Multiplayer","Anime, Cute, Comedy","PvP, Turn-Based",2D,Jul 31 2024,39.99,507826.0,1341791.0,1085.0,631.0,10830.0,15057.0,17.0,90211.0,60.0,False,1476.0,3438.0,32.0,-259.0
2622000,Astral Party ,Neverland Entertainment,STAR ENGINE PROJECT,Casual,Indie,RPG,"Strategy, RPG, Card Game, Multiplayer","Anime, Cute, Comedy","PvP, Turn-Based",2D,Aug 01 2024,39.99,508613.0,1344242.0,1401.0,659.0,10847.0,15069.0,17.0,90051.0,60.0,False,787.0,2451.0,17.0,-160.0
2622000,Astral Party ,Neverland Entertainment,STAR ENGINE PROJECT,Casual,Indie,RPG,"Strategy, RPG, Card Game, Multiplayer","Anime, Cute, Comedy","PvP, Turn-Based",2D,Aug 02 2024,39.99,509172.0,1347336.0,1190.0,1248.0,10859.0,15077.0,17.0,89941.0,60.0,False,559.0,3094.0,12.0,-110.0
2622000,Astral Party ,Neverland Entertainment,STAR ENGINE PROJECT,Casual,Indie,RPG,"Strategy, RPG, Card Game, Multiplayer","Anime, Cute, Comedy","PvP, Turn-Based",2D,Aug 03 2024,39.99,510505.0,1365924.0,320.0,916.0,10887.0,15092.0,17.0,89735.0,60.0,False,1333.0,18588.0,28.0,-206.0
2622000,Astral Party ,Neverland Entertainment,STAR ENGINE PROJECT,Casual,Indie,RPG,"Strategy, RPG, Card Game, Multiplayer","Anime, Cute, Comedy","PvP, Turn-Based",2D,Aug 04 2024,39.99,511962.0,1373139.0,557.0,864.0,10918.0,15116.0,17.0,89390.0,59.0,False,1457.0,7215.0,31.0,-345.0
2622000,Astral Party ,Neverland Entertainment,STAR ENGINE PROJECT,Casual,Indie,RPG,"Strategy, RPG, Card Game, Multiplayer","Anime, Cute, Comedy","PvP, Turn-Based",2D,Aug 05 2024,39.99,512912.0,1377574.0,801.0,914.0,10938.0,15130.0,17.0,89205.0,58.0,False,950.0,4435.0,20.0,-185.0
2622000,Astral Party ,Neverland Entertainment,STAR ENGINE PROJECT,Casual,Indie,RPG,"Strategy, RPG, Card Game, Multiplayer","Anime, Cute, Comedy","PvP, Turn-Based",2D,Aug 06 2024,39.99,513850.0,1381921.0,818.0,733.0,10958.0,15140.0,17.0,89065.0,58.0,False,938.0,4347.0,20.0,-140.0
2622000,Astral Party ,Neverland Entertainment,STAR ENGINE PROJECT,Casual,Indie,RPG,"Strategy, RPG, Card Game, Multiplayer","Anime, Cute, Comedy","PvP, Turn-Based",2D,Aug 07 2024,39.99,514513.0,1386447.0,776.0,763.0,10973.0,15151.0,17.0,90127.0,58.0,False,663.0,4526.0,15.0,1062.0
2622000,Astral Party ,Neverland Entertainment,STAR ENGINE PROJECT,Casual,Indie,RPG,"Strategy, RPG, Card Game, Multiplayer","Anime, Cute, Comedy","PvP, Turn-Based",2D,Aug 08 2024,39.99,515944.0,1390761.0,830.0,638.0,11003.0,15166.0,17.0,89814.0,58.0,False,1431.0,4314.0,30.0,-313.0
2622000,Astral Party ,Neverland Entertainment,STAR ENGINE PROJECT,Casual,Indie,RPG,"Strategy, RPG, Card Game, Multiplayer","Anime, Cute, Comedy","PvP, Turn-Based",2D,Aug 09 2024,39.99,516944.0,1394280.0,1060.0,647.0,11024.0,15177.0,17.0,89656.0,57.0,False,1000.0,3519.0,21.0,-158.0
2622000,Astral Party ,Neverland Entertainment,STAR ENGINE PROJECT,Casual,Indie,RPG,"Strategy, RPG, Card Game, Multiplayer","Anime, Cute, Comedy","PvP, Turn-Based",2D,Aug 10 2024,39.99,517198.0,1398179.0,942.0,723.0,11030.0,15205.0,18.0,89267.0,57.0,False,254.0,3899.0,6.0,-389.0
2622000,Astral Party ,Neverland Entertainment,STAR ENGINE PROJECT,Casual,Indie,RPG,"Strategy, RPG, Card Game, Multiplayer","Anime, Cute, Comedy","PvP, Turn-Based",2D,Aug 11 2024,39.99,518022.0,1402379.0,867.0,672.0,11047.0,15220.0,18.0,89067.0,57.0,False,824.0,4200.0,17.0,-200.0
2622000,Astral Party ,Neverland Entertainment,STAR ENGINE PROJECT,Casual,Indie,RPG,"Strategy, RPG, Card Game, Multiplayer","Anime, Cute, Comedy","PvP, Turn-Based",2D,Aug 12 2024,39.99,519047.0,1406306.0,939.0,728.0,11069.0,15231.0,18.0,87999.0,57.0,False,1025.0,3927.0,22.0,-1068.0
2622000,Astral Party ,Neverland Entertainment,STAR ENGINE PROJECT,Casual,Indie,RPG,"Strategy, RPG, Card Game, Multiplayer","Anime, Cute, Comedy","PvP, Turn-Based",2D,Aug 13 2024,39.99,519895.0,1410283.0,926.0,709.0,11087.0,15243.0,18.0,87786.0,57.0,False,848.0,3977.0,18.0,-213.0
2622000,Astral Party ,Neverland Entertainment,STAR ENGINE PROJECT,Casual,Indie,RPG,"Strategy, RPG, Card Game, Multiplayer","Anime, Cute, Comedy","PvP, Turn-Based",2D,Aug 14 2024,39.99,520650.0,1414114.0,967.0,702.0,11103.0,15254.0,18.0,87631.0,58.0,False,755.0,3831.0,16.0,-155.0
2622000,Astral Party ,Neverland Entertainment,STAR ENGINE PROJECT,Casual,Indie,RPG,"Strategy, RPG, Card Game, Multiplayer","Anime, Cute, Comedy","PvP, Turn-Based",2D,Aug 15 2024,39.99,521449.0,1418283.0,880.0,627.0,11120.0,15257.0,18.0,87586.0,58.0,False,799.0,4169.0,17.0,-45.0
2622000,Astral Party ,Neverland Entertainment,STAR ENGINE PROJECT,Casual,Indie,RPG,"Strategy, RPG, Card Game, Multiplayer","Anime, Cute, Comedy","PvP, Turn-Based",2D,Aug 16 2024,39.99,522019.0,1422378.0,900.0,1333.0,11133.0,15267.0,18.0,87449.0,58.0,False,570.0,4095.0,13.0,-137.0
2622000,Astral Party ,Neverland Entertainment,STAR ENGINE PROJECT,Casual,Indie,RPG,"Strategy, RPG, Card Game, Multiplayer","Anime, Cute, Comedy","PvP, Turn-Based",2D,Aug 17 2024,39.99,523812.0,1426663.0,839.0,1371.0,11171.0,15280.0,18.0,87270.0,58.0,False,1793.0,4285.0,38.0,-179.0
2622000,Astral Party ,Neverland Entertainment,STAR ENGINE PROJECT,Casual,Indie,RPG,"Strategy, RPG, Card Game, Multiplayer","Anime, Cute, Comedy","PvP, Turn-Based",2D,Aug 18 2024,39.99,524958.0,1431116.0,791.0,1215.0,11195.0,15298.0,18.0,87008.0,57.0,False,1146.0,4453.0,24.0,-262.0
2622000,Astral Party ,Neverland Entertainment,STAR ENGINE PROJECT,Casual,Indie,RPG,"Strategy, RPG, Card Game, Multiplayer","Anime, Cute, Comedy","PvP, Turn-Based",2D,Aug 19 2024,39.99,525945.0,1435831.0,739.0,1166.0,11216.0,15309.0,18.0,86866.0,58.0,False,987.0,4715.0,21.0,-142.0
2622000,Astral Party ,Neverland Entertainment,STAR ENGINE PROJECT,Casual,Indie,RPG,"Strategy, RPG, Card Game, Multiplayer","Anime, Cute, Comedy","PvP, Turn-Based",2D,Aug 20 2024,39.99,526884.0,1440178.0,819.0,868.0,11236.0,15319.0,18.0,87927.0,58.0,False,939.0,4347.0,20.0,1061.0
2622000,Astral Party ,Neverland Entertainment,STAR ENGINE PROJECT,Casual,Indie,RPG,"Strategy, RPG, Card Game, Multiplayer","Anime, Cute, Comedy","PvP, Turn-Based",2D,Aug 21 2024,39.99,527597.0,1444831.0,756.0,804.0,11252.0,15330.0,18.0,89802.0,57.0,False,713.0,4653.0,16.0,1875.0
2622000,Astral Party ,Neverland Entertainment,STAR ENGINE PROJECT,Casual,Indie,RPG,"Strategy, RPG, Card Game, Multiplayer","Anime, Cute, Comedy","PvP, Turn-Based",2D,Aug 22 2024,39.99,528072.0,1449265.0,793.0,726.0,11262.0,15342.0,18.0,89696.0,57.0,False,475.0,4434.0,10.0,-106.0
2622000,Astral Party ,Neverland Entertainment,STAR ENGINE PROJECT,Casual,Indie,RPG,"Strategy, RPG, Card Game, Multiplayer","Anime, Cute, Comedy","PvP, Turn-Based",2D,Aug 23 2024,39.99,528585.0,1453529.0,842.0,503.0,11273.0,15351.0,18.0,89575.0,58.0,False,513.0,4264.0,11.0,-121.0
2622000,Astral Party ,Neverland Entertainment,STAR ENGINE PROJECT,Casual,Indie,RPG,"Strategy, RPG, Card Game, Multiplayer","Anime, Cute, Comedy","PvP, Turn-Based",2D,Aug 24 2024,39.99,529147.0,1456829.0,1135.0,541.0,11285.0,15362.0,18.0,89427.0,57.0,False,562.0,3300.0,12.0,-148.0
2622000,Astral Party ,Neverland Entertainment,STAR ENGINE PROJECT,Casual,Indie,RPG,"Strategy, RPG, Card Game, Multiplayer","Anime, Cute, Comedy","PvP, Turn-Based",2D,Aug 25 2024,39.99,529664.0,1460027.0,1166.0,587.0,11296.0,15365.0,18.0,89384.0,57.0,False,517.0,3198.0,11.0,-43.0
2622000,Astral Party ,Neverland Entertainment,STAR ENGINE PROJECT,Casual,Indie,RPG,"Strategy, RPG, Card Game, Multiplayer","Anime, Cute, Comedy","PvP, Turn-Based",2D,Aug 26 2024,39.99,530451.0,1463310.0,1134.0,617.0,11312.0,15377.0,18.0,89227.0,57.0,False,787.0,3283.0,16.0,-157.0
2622000,Astral Party ,Neverland Entertainment,STAR ENGINE PROJECT,Casual,Indie,RPG,"Strategy, RPG, Card Game, Multiplayer","Anime, Cute, Comedy","PvP, Turn-Based",2D,Aug 27 2024,39.99,531338.0,1466967.0,1009.0,606.0,11331.0,15389.0,18.0,89066.0,57.0,False,887.0,3657.0,19.0,-161.0
2622000,Astral Party ,Neverland Entertainment,STAR ENGINE PROJECT,Casual,Indie,RPG,"Strategy, RPG, Card Game, Multiplayer","Anime, Cute, Comedy","PvP, Turn-Based",2D,Aug 28 2024,39.99,532492.0,1470547.0,1027.0,567.0,11356.0,15409.0,18.0,91121.0,56.0,False,1154.0,3580.0,25.0,2055.0
2622000,Astral Party ,Neverland Entertainment,STAR ENGINE PROJECT,Casual,Indie,RPG,"Strategy, RPG, Card Game, Multiplayer","Anime, Cute, Comedy","PvP, Turn-Based",2D,Aug 29 2024,39.99,533126.0,1473946.0,1101.0,554.0,11370.0,15425.0,18.0,91006.0,56.0,False,634.0,3399.0,14.0,-115.0
2622000,Astral Party ,Neverland Entertainment,STAR ENGINE PROJECT,Casual,Indie,RPG,"Strategy, RPG, Card Game, Multiplayer","Anime, Cute, Comedy","PvP, Turn-Based",2D,Aug 30 2024,39.99,533789.0,1477573.0,1034.0,2500.0,11384.0,15444.0,18.0,90768.0,55.0,False,663.0,3627.0,14.0,-238.0
2622000,Astral Party ,Neverland Entertainment,STAR ENGINE PROJECT,Casual,Indie,RPG,"Strategy, RPG, Card Game, Multiplayer","Anime, Cute, Comedy","PvP, Turn-Based",2D,Aug 31 2024,39.99,535656.0,1526704.0,146.0,2830.0,11423.0,15488.0,18.0,90183.0,54.0,False,1867.0,49131.0,39.0,-585.0
2622000,Astral Party ,Neverland Entertainment,STAR ENGINE PROJECT,Casual,Indie,RPG,"Strategy, RPG, Card Game, Multiplayer","Anime, Cute, Comedy","PvP, Turn-Based",2D,Sep 01 2024,39.99,538171.0,1562096.0,187.0,2649.0,11477.0,15539.0,18.0,89099.0,51.0,False,2515.0,35392.0,54.0,-1084.0
2622000,Astral Party ,Neverland Entertainment,STAR ENGINE PROJECT,Casual,Indie,RPG,"Strategy, RPG, Card Game, Multiplayer","Anime, Cute, Comedy","PvP, Turn-Based",2D,Sep 02 2024,39.99,540278.0,1591406.0,215.0,2442.0,11522.0,15554.0,18.0,88322.0,49.0,False,2107.0,29310.0,45.0,-777.0
2622000,Astral Party ,Neverland Entertainment,STAR ENGINE PROJECT,Casual,Indie,RPG,"Strategy, RPG, Card Game, Multiplayer","Anime, Cute, Comedy","PvP, Turn-Based",2D,Sep 03 2024,39.99,541683.0,1611309.0,277.0,2126.0,11552.0,15579.0,18.0,87973.0,49.0,False,1405.0,19903.0,30.0,-349.0
2622000,Astral Party ,Neverland Entertainment,STAR ENGINE PROJECT,Casual,Indie,RPG,"Strategy, RPG, Card Game, Multiplayer","Anime, Cute, Comedy","PvP, Turn-Based",2D,Sep 04 2024,39.99,542837.0,1633820.0,249.0,2234.0,11577.0,15606.0,19.0,89043.0,50.0,False,1154.0,22511.0,25.0,1070.0
2622000,Astral Party ,Neverland Entertainment,STAR ENGINE PROJECT,Casual,Indie,RPG,"Strategy, RPG, Card Game, Multiplayer","Anime, Cute, Comedy","PvP, Turn-Based",2D,Sep 05 2024,39.99,544315.0,1654137.0,269.0,1844.0,11608.0,15621.0,19.0,91799.0,49.0,False,1478.0,20317.0,31.0,2756.0
2622000,Astral Party ,Neverland Entertainment,STAR ENGINE PROJECT,Casual,Indie,RPG,"Strategy, RPG, Card Game, Multiplayer","Anime, Cute, Comedy","PvP, Turn-Based",2D,Sep 06 2024,39.99,545351.0,1669755.0,341.0,1847.0,11630.0,15632.0,19.0,91742.0,48.0,False,1036.0,15618.0,22.0,-57.0
2622000,Astral Party ,Neverland Entertainment,STAR ENGINE PROJECT,Casual,Indie,RPG,"Strategy, RPG, Card Game, Multiplayer","Anime, Cute, Comedy","PvP, Turn-Based",2D,Sep 07 2024,39.99,546206.0,1683838.0,369.0,2053.0,11648.0,15653.0,19.0,91468.0,48.0,False,855.0,14083.0,18.0,-274.0
2622000,Astral Party ,Neverland Entertainment,STAR ENGINE PROJECT,Casual,Indie,RPG,"Strategy, RPG, Card Game, Multiplayer","Anime, Cute, Comedy","PvP, Turn-Based",2D,Sep 08 2024,39.99,547507.0,1701334.0,317.0,1911.0,11676.0,15668.0,19.0,91288.0,48.0,False,1301.0,17496.0,28.0,-180.0
2622000,Astral Party ,Neverland Entertainment,STAR ENGINE PROJECT,Casual,Indie,RPG,"Strategy, RPG, Card Game, Multiplayer","Anime, Cute, Comedy","PvP, Turn-Based",2D,Sep 09 2024,39.99,548449.0,1716034.0,356.0,1720.0,11696.0,15691.0,19.0,90991.0,49.0,False,942.0,14700.0,20.0,-297.0
2622000,Astral Party ,Neverland Entertainment,STAR ENGINE PROJECT,Casual,Indie,RPG,"Strategy, RPG, Card Game, Multiplayer","Anime, Cute, Comedy","PvP, Turn-Based",2D,Sep 10 2024,39.99,549348.0,1727419.0,419.0,1513.0,11715.0,15714.0,19.0,90698.0,49.0,False,899.0,11385.0,19.0,-293.0
2622000,Astral Party ,Neverland Entertainment,STAR ENGINE PROJECT,Casual,Indie,RPG,"Strategy, RPG, Card Game, Multiplayer","Anime, Cute, Comedy","PvP, Turn-Based",2D,Sep 11 2024,39.99,550237.0,1739326.0,404.0,1458.0,11734.0,15731.0,19.0,90494.0,48.0,False,889.0,11907.0,19.0,-204.0
2622000,Astral Party ,Neverland Entertainment,STAR ENGINE PROJECT,Casual,Indie,RPG,"Strategy, RPG, Card Game, Multiplayer","Anime, Cute, Comedy","PvP, Turn-Based",2D,Sep 12 2024,39.99,550948.0,1750346.0,425.0,1440.0,11750.0,15743.0,19.0,90341.0,48.0,False,711.0,11020.0,16.0,-153.0
2622000,Astral Party ,Neverland Entertainment,STAR ENGINE PROJECT,Casual,Indie,RPG,"Strategy, RPG, Card Game, Multiplayer","Anime, Cute, Comedy","PvP, Turn-Based",2D,Sep 13 2024,39.99,551693.0,1757880.0,520.0,1358.0,11765.0,15757.0,19.0,90166.0,48.0,False,745.0,7534.0,15.0,-175.0
2622000,Astral Party ,Neverland Entertainment,STAR ENGINE PROJECT,Casual,Indie,RPG,"Strategy, RPG, Card Game, Multiplayer","Anime, Cute, Comedy","PvP, Turn-Based",2D,Sep 14 2024,39.99,552760.0,1765575.0,509.0,1430.0,11788.0,15769.0,19.0,91223.0,48.0,False,1067.0,7695.0,23.0,1057.0
2622000,Astral Party ,Neverland Entertainment,STAR ENGINE PROJECT,Casual,Indie,RPG,"Strategy, RPG, Card Game, Multiplayer","Anime, Cute, Comedy","PvP, Turn-Based",2D,Sep 15 2024,31.99,,,,,,,,,,False,0.0,0.0,0.0,0.0
